@preamble{ " \newcommand{\noop}[1]{} " }

@article{whyte2013master,
  title={Master transcription factors and mediator establish super-enhancers at key cell identity genes},
  author={Whyte, Warren A and Orlando, David A and Hnisz, Denes and Abraham, Brian J and Lin, Charles Y and Kagey, Michael H and Rahl, Peter B and Lee, Tong Ihn and Young, Richard A},
  journal={Cell},
  volume={153},
  number={2},
  pages={307--319},
  year={2013},
  publisher={Elsevier}
}
@article{reimold2001plasma,
  title={Plasma cell differentiation requires the transcription factor XBP-1},
  author={Reimold, Andreas M and Iwakoshi, Neal N and Manis, John and Vallabhajosyula, Prashanth and Szomolanyi-Tsuda, Eva and Gravallese, Ellen M and Friend, Daniel and Grusby, Michael J and Alt, Frederick and Glimcher, Laurie H},
  journal={Nature},
  volume={412},
  number={6844},
  pages={300--307},
  year={2001},
  publisher={Nature Publishing Group}
}
@article{lambert2018human,
  title={The human transcription factors},
  author={Lambert, Samuel A and Jolma, Arttu and Campitelli, Laura F and Das, Pratyush K and Yin, Yimeng and Albu, Mihai and Chen, Xiaoting and Taipale, Jussi and Hughes, Timothy R and Weirauch, Matthew T},
  journal={Cell},
  volume={172},
  number={4},
  pages={650--665},
  year={2018},
  publisher={Elsevier}
}
@article{stewart2012transcription,
  title={Why transcription factor binding sites are ten nucleotides long},
  author={Stewart, Alexander J and Hannenhalli, Sridhar and Plotkin, Joshua B},
  journal={Genetics},
  volume={192},
  number={3},
  pages={973--985},
  year={2012},
  publisher={Oxford University Press}
}
@article{whitfield2012functional,
  title={Functional analysis of transcription factor binding sites in human promoters},
  author={Whitfield, Troy W and Wang, Jie and Collins, Patrick J and Partridge, E Christopher and Aldred, Shelley Force and Trinklein, Nathan D and Myers, Richard M and Weng, Zhiping},
  journal={Genome biology},
  volume={13},
  number={9},
  pages={1--16},
  year={2012},
  publisher={Springer}
}
@article{gotea2010homotypic,
  title={Homotypic clusters of transcription factor binding sites are a key component of human promoters and enhancers},
  author={Gotea, Valer and Visel, Axel and Westlund, John M and Nobrega, Marcelo A and Pennacchio, Len A and Ovcharenko, Ivan},
  journal={Genome research},
  volume={20},
  number={5},
  pages={565--577},
  year={2010},
  publisher={Cold Spring Harbor Lab}
}
@article{lemon2000orchestrated,
  title={Orchestrated response: a symphony of transcription factors for gene control},
  author={Lemon, Bryan and Tjian, Robert},
  journal={Genes \& development},
  volume={14},
  number={20},
  pages={2551--2569},
  year={2000},
  publisher={Cold Spring Harbor Lab}
}
@article{nolis2009transcription,
  title={Transcription factors mediate long-range enhancer--promoter interactions},
  author={Nolis, Ilias K and McKay, Daniel J and Mantouvalou, Eva and Lomvardas, Stavros and Merika, Menie and Thanos, Dimitris},
  journal={Proceedings of the National Academy of Sciences},
  volume={106},
  number={48},
  pages={20222--20227},
  year={2009},
  publisher={National Acad Sciences}
}
@article{mendenhall2013locus,
  title={Locus-specific editing of histone modifications at endogenous enhancers},
  author={Mendenhall, Eric M and Williamson, Kaylyn E and Reyon, Deepak and Zou, James Y and Ram, Oren and Joung, J Keith and Bernstein, Bradley E},
  journal={Nature biotechnology},
  volume={31},
  number={12},
  pages={1133--1136},
  year={2013},
  publisher={Nature Publishing Group}
}
@article{maurano2015large,
  title={Large-scale identification of sequence variants influencing human transcription factor occupancy in vivo},
  author={Maurano, Matthew T and Haugen, Eric and Sandstrom, Richard and Vierstra, Jeff and Shafer, Anthony and Kaul, Rajinder and Stamatoyannopoulos, John A},
  journal={Nature genetics},
  volume={47},
  number={12},
  pages={1393--1401},
  year={2015},
  publisher={Nature Publishing Group}
}
@article{latchman1997transcription,
  title={Transcription factors: an overview},
  author={Latchman, David S},
  journal={The international journal of biochemistry \& cell biology},
  volume={29},
  number={12},
  pages={1305--1312},
  year={1997},
  publisher={Elsevier}
}
@article{babu2004structure,
  title={Structure and evolution of transcriptional regulatory networks},
  author={Babu, M Madan and Luscombe, Nicholas M and Aravind, L and Gerstein, Mark and Teichmann, Sarah A},
  journal={Current opinion in structural biology},
  volume={14},
  number={3},
  pages={283--291},
  year={2004},
  publisher={Elsevier}
}
@article{fuda2009defining,
  title={Defining mechanisms that regulate RNA polymerase II transcription in vivo},
  author={Fuda, Nicholas J and Ardehali, M Behfar and Lis, John T},
  journal={Nature},
  volume={461},
  number={7261},
  pages={186--192},
  year={2009},
  publisher={Nature Publishing Group}
}
@article{liu2016beyond,
  title={Beyond transcription factors: how oncogenic signalling reshapes the epigenetic landscape},
  author={Liu, Fan and Wang, Lan and Perna, Fabiana and Nimer, Stephen D},
  journal={Nature Reviews Cancer},
  volume={16},
  number={6},
  pages={359},
  year={2016},
  publisher={Nature Publishing Group}
}
@article{docquier2005heightened,
  title={Heightened expression of CTCF in breast cancer cells is associated with resistance to apoptosis},
  author={Docquier, France and Farrar, Dawn and D'Arcy, Vivien and Chernukhin, Igor and Robinson, Abigail F and Loukinov, Dmitry and Vatolin, Sergei and Pack, Svetlana and Mackay, Alan and Harris, Robert A and others},
  journal={Cancer research},
  volume={65},
  number={12},
  pages={5112--5122},
  year={2005},
  publisher={AACR}
}
@article{katainen2015ctcf,
  title={CTCF/cohesin-binding sites are frequently mutated in cancer},
  author={Katainen, Riku and Dave, Kashyap and Pitk{\"a}nen, Esa and Palin, Kimmo and Kivioja, Teemu and V{\"a}lim{\"a}ki, Niko and Gylfe, Alexandra E and Ristolainen, Heikki and H{\"a}nninen, Ulrika A and Cajuso, Tatiana and others},
  journal={Nature genetics},
  volume={47},
  number={7},
  pages={818--821},
  year={2015},
  publisher={Nature Publishing Group}
}
@article{yu2019gata1,
  title={GATA1 promotes colorectal cancer cell proliferation, migration and invasion via activating AKT signaling pathway},
  author={Yu, Junhui and Liu, Ming and Liu, Hui and Zhou, Lei},
  journal={Molecular and cellular biochemistry},
  volume={457},
  number={1-2},
  pages={191--199},
  year={2019},
  publisher={Springer}
}
@article{jolma2011methods,
  title={Methods for analysis of transcription factor DNA-binding specificity in vitro},
  author={Jolma, Arttu and Taipale, Jussi},
  journal={A Handbook of Transcription Factors},
  pages={155--173},
  year={2011},
  publisher={Springer}
}
@article{garner1981gel,
  title={A gel electrophoresis method for quantifying the binding of proteins to specific DNA regions: application to components of the Escherichia coli lactose operon regulatory system},
  author={Garner, Mark M and Revzin, Arnold},
  journal={Nucleic acids research},
  volume={9},
  number={13},
  pages={3047--3060},
  year={1981},
  publisher={Oxford University Press}
}
@article{hampshire2007footprinting,
  title={Footprinting: a method for determining the sequence selectivity, affinity and kinetics of DNA-binding ligands},
  author={Hampshire, Andrew J and Rusling, David A and Broughton-Head, Victoria J and Fox, Keith R},
  journal={Methods},
  volume={42},
  number={2},
  pages={128--140},
  year={2007},
  publisher={Elsevier}
}
@article{berger2006compact,
  title={Compact, universal DNA microarrays to comprehensively determine transcription-factor binding site specificities},
  author={Berger, Michael F and Philippakis, Anthony A and Qureshi, Aaron M and He, Fangxue S and Estep, Preston W and Bulyk, Martha L},
  journal={Nature biotechnology},
  volume={24},
  number={11},
  pages={1429--1435},
  year={2006},
  publisher={Nature Publishing Group}
}
@article{jolma2010multiplexed,
  title={Multiplexed massively parallel SELEX for characterization of human transcription factor binding specificities},
  author={Jolma, Arttu and Kivioja, Teemu and Toivonen, Jarkko and Cheng, Lu and Wei, Gonghong and Enge, Martin and Taipale, Mikko and Vaquerizas, Juan M and Yan, Jian and Sillanp{\"a}{\"a}, Mikko J and others},
  journal={Genome research},
  volume={20},
  number={6},
  pages={861--873},
  year={2010},
  publisher={Cold Spring Harbor Lab}
}
@article{collas2008chop,
  title={Chop it, ChIP it, check it: the current status of chromatin immunoprecipitation},
  author={Collas, Philippe and Dahl, John Arne},
  journal={Frontiers in Bioscience-Landmark},
  volume={13},
  number={3},
  pages={929--943},
  year={2008},
  publisher={IMR Press}
}
@article{pavesi2004silico,
  title={In silico representation and discovery of transcription factor binding sites},
  author={Pavesi, Giulio and Mauri, Giancarlo and Pesole, Graziano},
  journal={Briefings in bioinformatics},
  volume={5},
  number={3},
  pages={217--236},
  year={2004},
  publisher={Henry Stewart Publications}
}
@article{tompa2005assessing,
  title={Assessing computational tools for the discovery of transcription factor binding sites},
  author={Tompa, Martin and Li, Nan and Bailey, Timothy L and Church, George M and De Moor, Bart and Eskin, Eleazar and Favorov, Alexander V and Frith, Martin C and Fu, Yutao and Kent, W James and others},
  journal={Nature biotechnology},
  volume={23},
  number={1},
  pages={137--144},
  year={2005},
  publisher={Nature Publishing Group}
}
@article{d2006does,
  title={How does DNA sequence motif discovery work?},
  author={D'haeseleer, Patrik},
  journal={Nature biotechnology},
  volume={24},
  number={8},
  pages={959--961},
  year={2006},
  publisher={Nature Publishing Group}
}
@article{das2007survey,
  title={A survey of DNA motif finding algorithms},
  author={Das, Modan K and Dai, Ho-Kwok},
  journal={BMC bioinformatics},
  volume={8},
  number={7},
  pages={1--13},
  year={2007},
  publisher={Springer}
}
@article{zambelli2013motif,
  title={Motif discovery and transcription factor binding sites before and after the next-generation sequencing era},
  author={Zambelli, Federico and Pesole, Graziano and Pavesi, Giulio},
  journal={Briefings in bioinformatics},
  volume={14},
  number={2},
  pages={225--237},
  year={2013},
  publisher={Oxford University Press}
}
@article{stormo2000dna,
  title={DNA binding sites: representation and discovery},
  author={Stormo, Gary D},
  journal={Bioinformatics},
  volume={16},
  number={1},
  pages={16--23},
  year={2000},
  publisher={Oxford University Press}
}
@article{siddharthan2010dinucleotide,
  title={Dinucleotide weight matrices for predicting transcription factor binding sites: generalizing the position weight matrix},
  author={Siddharthan, Rahul},
  journal={PloS one},
  volume={5},
  number={3},
  pages={e9722},
  year={2010},
  publisher={Public Library of Science San Francisco, USA}
}
@article{gorkin2012integration,
  title={Integration of ChIP-seq and machine learning reveals enhancers and a predictive regulatory sequence vocabulary in melanocytes},
  author={Gorkin, David U and Lee, Dongwon and Reed, Xylena and Fletez-Brant, Christopher and Bessling, Seneca L and Loftus, Stacie K and Beer, Michael A and Pavan, William J and McCallion, Andrew S},
  journal={Genome research},
  volume={22},
  number={11},
  pages={2290--2301},
  year={2012},
  publisher={Cold Spring Harbor Lab}
}
@article{he2021survey,
  title={A survey on deep learning in DNA/RNA motif mining},
  author={He, Ying and Shen, Zhen and Zhang, Qinhu and Wang, Siguo and Huang, De-Shuang},
  journal={Briefings in Bioinformatics},
  volume={22},
  number={4},
  pages={bbaa229},
  year={2021},
  publisher={Oxford University Press}
}
@article{galas1978dnaase,
  title={DNAase footprinting a simple method for the detection of protein-DNA binding specificity},
  author={Galas, David J and Schmitz, Albert},
  journal={Nucleic acids research},
  volume={5},
  number={9},
  pages={3157--3170},
  year={1978},
  publisher={Oxford University Press}
}
@article{zia2012towards,
  title={Towards a theoretical understanding of false positives in DNA motif finding},
  author={Zia, Amin and Moses, Alan M},
  journal={BMC bioinformatics},
  volume={13},
  number={1},
  pages={1--9},
  year={2012},
  publisher={BioMed Central}
}
@article{stormo2010determining,
  title={Determining the specificity of protein--DNA interactions},
  author={Stormo, Gary D and Zhao, Yue},
  journal={Nature Reviews Genetics},
  volume={11},
  number={11},
  pages={751--760},
  year={2010},
  publisher={Nature Publishing Group}
}
@article{berger2009universal,
  title={Universal protein-binding microarrays for the comprehensive characterization of the DNA-binding specificities of transcription factors},
  author={Berger, Michael F and Bulyk, Martha L},
  journal={Nature protocols},
  volume={4},
  number={3},
  pages={393--411},
  year={2009},
  publisher={Nature Publishing Group}
}
@article{jolma2013dna,
  title={DNA-binding specificities of human transcription factors},
  author={Jolma, Arttu and Yan, Jian and Whitington, Thomas and Toivonen, Jarkko and Nitta, Kazuhiro R and Rastas, Pasi and Morgunova, Ekaterina and Enge, Martin and Taipale, Mikko and Wei, Gonghong and others},
  journal={Cell},
  volume={152},
  number={1-2},
  pages={327--339},
  year={2013},
  publisher={Elsevier}
}
@incollection{pillai2015chip,
  title={ChIP on chip and ChIP-Seq assays: genome-wide analysis of transcription factor binding and histone modifications},
  author={Pillai, Smitha and Chellappan, Srikumar P},
  booktitle={Chromatin Protocols},
  pages={447--472},
  year={2015},
  publisher={Springer}
}
@article{johnson2007genome,
  title={Genome-wide mapping of in vivo protein-DNA interactions},
  author={Johnson, David S and Mortazavi, Ali and Myers, Richard M and Wold, Barbara},
  journal={Science},
  volume={316},
  number={5830},
  pages={1497--1502},
  year={2007},
  publisher={American Association for the Advancement of Science}
}
@article{mardis2007chip,
  title={ChIP-seq: welcome to the new frontier},
  author={Mardis, Elaine R},
  journal={Nature methods},
  volume={4},
  number={8},
  pages={613--614},
  year={2007},
  publisher={Nature Publishing Group}
}
@article{thomas2017features,
  title={Features that define the best ChIP-seq peak calling algorithms},
  author={Thomas, Reuben and Thomas, Sean and Holloway, Alisha K and Pollard, Katherine S},
  journal={Briefings in bioinformatics},
  volume={18},
  number={3},
  pages={441--450},
  year={2017},
  publisher={Oxford University Press}
}
@article{guo2012high,
  title={High resolution genome wide binding event finding and motif discovery reveals transcription factor spatial binding constraints},
  author={Guo, Yuchun and Mahony, Shaun and Gifford, David K},
  year={2012},
  publisher={Public Library of Science San Francisco, USA}
}
@article{zhang2008model,
  title={Model-based analysis of ChIP-Seq (MACS)},
  author={Zhang, Yong and Liu, Tao and Meyer, Clifford A and Eeckhoute, J{\'e}r{\^o}me and Johnson, David S and Bernstein, Bradley E and Nusbaum, Chad and Myers, Richard M and Brown, Myles and Li, Wei and others},
  journal={Genome biology},
  volume={9},
  number={9},
  pages={1--9},
  year={2008},
  publisher={BioMed Central}
}
@article{pepke2009computation,
  title={Computation for ChIP-seq and RNA-seq studies},
  author={Pepke, Shirley and Wold, Barbara and Mortazavi, Ali},
  journal={Nature methods},
  volume={6},
  number={11},
  pages={S22--S32},
  year={2009},
  publisher={Nature Publishing Group}
}
@article{worsley2014non,
  title={Non-targeted transcription factors motifs are a systemic component of ChIP-seq datasets},
  author={Worsley Hunt, Rebecca and Wasserman, Wyeth W},
  journal={Genome biology},
  volume={15},
  number={7},
  pages={1--16},
  year={2014},
  publisher={Springer}
}
@article{pickrell2011false,
  title={False positive peaks in ChIP-seq and other sequencing-based functional assays caused by unannotated high copy number regions},
  author={Pickrell, Joseph K and Gaffney, Daniel J and Gilad, Yoav and Pritchard, Jonathan K},
  journal={Bioinformatics},
  volume={27},
  number={15},
  pages={2144--2146},
  year={2011},
  publisher={Oxford University Press}
}
@article{rhee2011comprehensive,
  title={Comprehensive genome-wide protein-DNA interactions detected at single-nucleotide resolution},
  author={Rhee, Ho Sung and Pugh, B Franklin},
  journal={Cell},
  volume={147},
  number={6},
  pages={1408--1419},
  year={2011},
  publisher={Elsevier}
}
@article{tognon2023survey,
  title={A survey on algorithms to characterize transcription factor binding sites},
  author={Tognon, Manuel and Giugno, Rosalba and Pinello, Luca},
  journal={Briefings in Bioinformatics},
  pages={bbad156},
  year={2023},
  publisher={Oxford University Press}
}
@article{day1992critical,
  title={Critical comparison of consensus methods for molecular sequences},
  author={Day, William HE and McMorris, FR},
  journal={Nucleic acids research},
  volume={20},
  number={5},
  pages={1093--1099},
  year={1992},
  publisher={Oxford University Press}
}
@article{stormo2013modeling,
  title={Modeling the specificity of protein-DNA interactions},
  author={Stormo, Gary D},
  journal={Quantitative biology},
  volume={1},
  number={2},
  pages={115--130},
  year={2013},
  publisher={Springer}
}
@article{korhonen2017fast,
  title={Fast motif matching revisited: high-order PWMs, SNPs and indels},
  author={Korhonen, Janne H and Palin, Kimmo and Taipale, Jussi and Ukkonen, Esko},
  journal={Bioinformatics},
  volume={33},
  number={4},
  pages={514--521},
  year={2017},
  publisher={Oxford University Press}
}
@inproceedings{li1999finding,
  title={Finding similar regions in many strings},
  author={Li, Ming and Ma, Bin and Wang, Lusheng},
  booktitle={Proceedings of the thirty-first annual ACM symposium on Theory of computing},
  pages={473--482},
  year={1999}
}
@article{califano2000splash,
  title={SPLASH: structural pattern localization analysis by sequential histograms},
  author={Califano, Andrea},
  journal={Bioinformatics},
  volume={16},
  number={4},
  pages={341--357},
  year={2000},
  publisher={Oxford University Press}
}
@inproceedings{weiner1973linear,
  title={Linear pattern matching algorithms},
  author={Weiner, Peter},
  booktitle={14th Annual Symposium on Switching and Automata Theory (swat 1973)},
  pages={1--11},
  year={1973},
  organization={IEEE}
}
@article{pavesi2001algorithm,
  title={An algorithm for finding signals of unknown length in DNA sequences},
  author={Pavesi, Giulio and Mauri, Giancarlo and Pesole, Graziano},
  journal={Bioinformatics},
  volume={17},
  number={suppl\_1},
  pages={S207--S214},
  year={2001},
  publisher={Oxford University Press}
}
@article{pavesi2004weeder,
  title={Weeder Web: discovery of transcription factor binding sites in a set of sequences from co-regulated genes},
  author={Pavesi, Giulio and Mereghetti, Paolo and Mauri, Giancarlo and Pesole, Graziano},
  journal={Nucleic acids research},
  volume={32},
  number={suppl\_2},
  pages={W199--W203},
  year={2004},
  publisher={Oxford University Press}
}
@article{marsan2000algorithms,
  title={Algorithms for extracting structured motifs using a suffix tree with an application to promoter and regulatory site consensus identification},
  author={Marsan, Laurent and Sagot, Marie-France},
  journal={Journal of computational biology},
  volume={7},
  number={3-4},
  pages={345--362},
  year={2000},
  publisher={Mary Ann Liebert, Inc.}
}
@article{liu2018algorithmic,
  title={An algorithmic perspective of de novo cis-regulatory motif finding based on ChIP-seq data},
  author={Liu, Bingqiang and Yang, Jinyu and Li, Yang and McDermaid, Adam and Ma, Qin},
  journal={Briefings in bioinformatics},
  volume={19},
  number={5},
  pages={1069--1081},
  year={2018},
  publisher={Oxford University Press}
}
@article{liu2002algorithm,
  title={An algorithm for finding protein--DNA binding sites with applications to chromatin-immunoprecipitation microarray experiments},
  author={Liu, X Shirley and Brutlag, Douglas L and Liu, Jun S},
  journal={Nature biotechnology},
  volume={20},
  number={8},
  pages={835--839},
  year={2002},
  publisher={Nature Publishing Group}
}
@article{linhart2008transcription,
  title={Transcription factor and microRNA motif discovery: the Amadeus platform and a compendium of metazoan target sets},
  author={Linhart, Chaim and Halperin, Yonit and Shamir, Ron},
  journal={Genome research},
  volume={18},
  number={7},
  pages={1180--1189},
  year={2008},
  publisher={Cold Spring Harbor Lab}
}
@article{bailey2011dreme,
  title={DREME: motif discovery in transcription factor ChIP-seq data},
  author={Bailey, Timothy L},
  journal={Bioinformatics},
  volume={27},
  number={12},
  pages={1653--1659},
  year={2011},
  publisher={Oxford University Press}
}
@article{ettwiller2007trawler,
  title={Trawler: de novo regulatory motif discovery pipeline for chromatin immunoprecipitation},
  author={Ettwiller, Laurence and Paten, Benedict and Ramialison, Mirana and Birney, Ewan and Wittbrodt, Joachim},
  journal={Nature methods},
  volume={4},
  number={7},
  pages={563--565},
  year={2007},
  publisher={Nature Publishing Group}
}
@article{heinz2010simple,
  title={Simple combinations of lineage-determining transcription factors prime cis-regulatory elements required for macrophage and B cell identities},
  author={Heinz, Sven and Benner, Christopher and Spann, Nathanael and Bertolino, Eric and Lin, Yin C and Laslo, Peter and Cheng, Jason X and Murre, Cornelis and Singh, Harinder and Glass, Christopher K},
  journal={Molecular cell},
  volume={38},
  number={4},
  pages={576--589},
  year={2010},
  publisher={Elsevier}
}
@article{bailey2021streme,
  title={STREME: accurate and versatile sequence motif discovery},
  author={Bailey, Timothy L},
  journal={Bioinformatics},
  volume={37},
  number={18},
  pages={2834--2840},
  year={2021},
  publisher={Oxford Academic}
}
@article{hertz1999identifying,
  title={Identifying DNA and protein patterns with statistically significant alignments of multiple sequences.},
  author={Hertz, Gerald Z and Stormo, Gary D.},
  journal={Bioinformatics (Oxford, England)},
  volume={15},
  number={7},
  pages={563--577},
  year={1999}
}
@article{bailey1994fitting,
  title={Fitting a mixture model by expectation maximization to discover motifs in bipolymers},
  author={Bailey, Timothy L and Elkan, Charles and others},
  year={1994},
  publisher={Department of Computer Science and Engineering, University of California~…}
}
@article{lawrence1993detecting,
  title={Detecting subtle sequence signals: a Gibbs sampling strategy for multiple alignment},
  author={Lawrence, Charles E and Altschul, Stephen F and Boguski, Mark S and Liu, Jun S and Neuwald, Andrew F and Wootton, John C},
  journal={science},
  volume={262},
  number={5131},
  pages={208--214},
  year={1993},
  publisher={American Association for the Advancement of Science}
}
@article{lee2018comprehensive,
  title={A comprehensive survey on genetic algorithms for DNA motif prediction},
  author={Lee, Nung Kion and Li, Xi and Wang, Dianhui},
  journal={Information Sciences},
  volume={466},
  pages={25--43},
  year={2018},
  publisher={Elsevier}
}
@inproceedings{bailey1995value,
  title={The value of prior knowledge in discovering motifs with MEME.},
  author={Bailey, Timothy L and Elkan, Charles},
  booktitle={Ismb},
  volume={3},
  pages={21--29},
  year={1995}
}
@article{bailey2006meme,
  title={MEME: discovering and analyzing DNA and protein sequence motifs},
  author={Bailey, Timothy L and Williams, Nadya and Misleh, Chris and Li, Wilfred W},
  journal={Nucleic acids research},
  volume={34},
  number={suppl\_2},
  pages={W369--W373},
  year={2006},
  publisher={Oxford University Press}
}
@article{lawrence1990expectation,
  title={An expectation maximization (EM) algorithm for the identification and characterization of common sites in unaligned biopolymer sequences},
  author={Lawrence, Charles E and Reilly, Andrew A},
  journal={Proteins: Structure, Function, and Bioinformatics},
  volume={7},
  number={1},
  pages={41--51},
  year={1990},
  publisher={Wiley Online Library}
}
@article{neuwald1995gibbs,
  title={Gibbs motif sampling: detection of bacterial outer membrane protein repeats},
  author={Neuwald, Andrew F and Liu, Jun S and Lawrence, Charles E},
  journal={Protein science},
  volume={4},
  number={8},
  pages={1618--1632},
  year={1995},
  publisher={Wiley Online Library}
}
@article{hughes2000computational,
  title={Computational identification of cis-regulatory elements associated with groups of functionally related genes in Saccharomyces cerevisiae},
  author={Hughes, Jason D and Estep, Preston W and Tavazoie, Saeed and Church, George M},
  journal={Journal of molecular biology},
  volume={296},
  number={5},
  pages={1205--1214},
  year={2000},
  publisher={Elsevier}
}
@incollection{workman1999ann,
  title={ANN-Spec: a method for discovering transcription factor binding sites with improved specificity},
  author={Workman, Christopher T and Stormo, Gary D},
  booktitle={Biocomputing 2000},
  pages={467--478},
  year={1999},
  publisher={World Scientific}
}
@incollection{liu2000bioprospector,
  title={BioProspector: discovering conserved DNA motifs in upstream regulatory regions of co-expressed genes},
  author={Liu, Xiaole and Brutlag, Douglas L and Liu, Jun S},
  booktitle={Biocomputing 2001},
  pages={127--138},
  year={2000},
  publisher={World Scientific}
}
@article{thijs2001higher,
  title={A higher-order background model improves the detection of promoter regulatory elements by Gibbs sampling},
  author={Thijs, Gert and Lescot, Magali and Marchal, Kathleen and Rombauts, Stephane and De Moor, Bart and Rouze, Pierre and Moreau, Yves},
  journal={Bioinformatics},
  volume={17},
  number={12},
  pages={1113--1122},
  year={2001},
  publisher={Oxford University Press}
}
@article{frith2004finding,
  title={Finding functional sequence elements by multiple local alignment},
  author={Frith, Martin C and Hansen, Ulla and Spouge, John L and Weng, Zhiping},
  journal={Nucleic acids research},
  volume={32},
  number={1},
  pages={189--200},
  year={2004},
  publisher={Oxford University Press}
}
@article{frith2008discovering,
  title={Discovering sequence motifs with arbitrary insertions and deletions},
  author={Frith, Martin C and Saunders, Neil FW and Kobe, Bostjan and Bailey, Timothy L},
  journal={PLoS computational biology},
  volume={4},
  number={5},
  pages={e1000071},
  year={2008},
  publisher={Public Library of Science San Francisco, USA}
}
@article{li2009gadem,
  title={GADEM: a genetic algorithm guided formation of spaced dyads coupled with an EM algorithm for motif discovery},
  author={Li, Leping},
  journal={Journal of Computational Biology},
  volume={16},
  number={2},
  pages={317--329},
  year={2009},
  publisher={Mary Ann Liebert, Inc. 2 Madison Avenue Larchmont, NY 10538 USA}
}
@article{machanick2011meme,
  title={MEME-ChIP: motif analysis of large DNA datasets},
  author={Machanick, Philip and Bailey, Timothy L},
  journal={Bioinformatics},
  volume={27},
  number={12},
  pages={1696--1697},
  year={2011},
  publisher={Oxford University Press}
}
@article{reid2011steme,
  title={STEME: efficient EM to find motifs in large data sets},
  author={Reid, John E and Wernisch, Lorenz},
  journal={Nucleic acids research},
  volume={39},
  number={18},
  pages={e126--e126},
  year={2011},
  publisher={Oxford University Press}
}
@article{kulakovskiy2010deep,
  title={Deep and wide digging for binding motifs in ChIP-Seq data},
  author={Kulakovskiy, Ivan V and Boeva, VA and Favorov, Alexander V and Makeev, Vsevolod J},
  journal={Bioinformatics},
  volume={26},
  number={20},
  pages={2622--2623},
  year={2010},
  publisher={Oxford University Press}
}
@article{kulakovskiy2009discovery,
  title={Discovery of DNA motifs recognized by transcription factors through integration of different experimental sources},
  author={Kulakovskiy, IV and Makeev, VJ},
  journal={Biophysics},
  volume={54},
  number={6},
  pages={667--674},
  year={2009},
  publisher={Springer}
}
@article{hartmann2013p,
  title={P-value-based regulatory motif discovery using positional weight matrices},
  author={Hartmann, Holger and Guth{\"o}hrlein, Eckhart W and Siebert, Matthias and Luehr, Sebastian and S{\"o}ding, Johannes},
  journal={Genome research},
  volume={23},
  number={1},
  pages={181--194},
  year={2013},
  publisher={Cold Spring Harbor Lab}
}
@article{li2019prosampler,
  title={ProSampler: an ultrafast and accurate motif finder in large ChIP-seq datasets for combinatory motif discovery},
  author={Li, Yang and Ni, Pengyu and Zhang, Shaoqiang and Li, Guojun and Su, Zhengchang},
  journal={Bioinformatics},
  volume={35},
  number={22},
  pages={4632--4639},
  year={2019},
  publisher={Oxford University Press}
}
@article{tomovic2007position,
  title={Position dependencies in transcription factor binding sites},
  author={Tomovic, Andrija and Oakeley, Edward J},
  journal={Bioinformatics},
  volume={23},
  number={8},
  pages={933--941},
  year={2007},
  publisher={Oxford University Press}
}
@article{morris2011jury,
  title={Jury remains out on simple models of transcription factor specificity},
  author={Morris, Quaid and Bulyk, Martha L and Hughes, Timothy R},
  journal={Nature biotechnology},
  volume={29},
  number={6},
  pages={483--484},
  year={2011},
  publisher={Nature Publishing Group}
}
@article{zhao2011quantitative,
  title={Quantitative analysis demonstrates most transcription factors require only simple models of specificity},
  author={Zhao, Yue and Stormo, Gary D},
  journal={Nature biotechnology},
  volume={29},
  number={6},
  pages={480--483},
  year={2011},
  publisher={Nature Publishing Group}
}
@article{slattery2014absence,
  title={Absence of a simple code: how transcription factors read the genome},
  author={Slattery, Matthew and Zhou, Tianyin and Yang, Lin and Machado, Ana Carolina Dantas and Gord{\^a}n, Raluca and Rohs, Remo},
  journal={Trends in biochemical sciences},
  volume={39},
  number={9},
  pages={381--399},
  year={2014},
  publisher={Elsevier}
}
@article{rohs2010origins,
  title={Origins of specificity in protein-DNA recognition},
  author={Rohs, Remo and Jin, Xiangshu and West, Sean M and Joshi, Rohit and Honig, Barry and Mann, Richard S},
  journal={Annual review of biochemistry},
  volume={79},
  pages={233},
  year={2010},
  publisher={NIH Public Access}
}
@article{grau2013general,
  title={A general approach for discriminative de novo motif discovery from high-throughput data},
  author={Grau, Jan and Posch, Stefan and Grosse, Ivo and Keilwagen, Jens},
  journal={Nucleic Acids Research},
  volume={41},
  number={21},
  pages={e197--e197},
  year={2013},
  publisher={Oxford University Press}
}
@article{kulakovskiy2013binding,
  title={From binding motifs in ChIP-Seq data to improved models of transcription factor binding sites},
  author={Kulakovskiy, Ivan and Levitsky, Victor and Oshchepkov, Dmitry and Bryzgalov, Leonid and Vorontsov, Ilya and Makeev, Vsevolod},
  journal={Journal of bioinformatics and computational biology},
  volume={11},
  number={01},
  pages={1340004},
  year={2013},
  publisher={World Scientific}
}
@inproceedings{barash2003modeling,
  title={Modeling dependencies in protein-DNA binding sites},
  author={Barash, Yoseph and Elidan, Gal and Friedman, Nir and Kaplan, Tommy},
  booktitle={Proceedings of the seventh annual international conference on Research in computational molecular biology},
  pages={28--37},
  year={2003}
}
@article{ben2005identification,
  title={Identification of transcription factor binding sites with variable-order Bayesian networks},
  author={Ben-Gal, Irad and Shani, Ayala and Gohr, Andr{\'e} and Grau, Jan and Arviv, Sigal and Shmilovici, Armin and Posch, Stefan and Grosse, Ivo},
  journal={Bioinformatics},
  volume={21},
  number={11},
  pages={2657--2666},
  year={2005},
  publisher={Oxford University Press}
}
@article{mathelier2013next,
  title={The next generation of transcription factor binding site prediction},
  author={Mathelier, Anthony and Wasserman, Wyeth W},
  journal={PLoS computational biology},
  volume={9},
  number={9},
  pages={e1003214},
  year={2013},
  publisher={Public Library of Science San Francisco, USA}
}
@article{keilwagen2015varying,
  title={Varying levels of complexity in transcription factor binding motifs},
  author={Keilwagen, Jens and Grau, Jan},
  journal={Nucleic acids research},
  volume={43},
  number={18},
  pages={e119--e119},
  year={2015},
  publisher={Oxford University Press}
}
@article{maaskola2014binding,
  title={Binding site discovery from nucleic acid sequences by discriminative learning of hidden Markov models},
  author={Maaskola, Jonas and Rajewsky, Nikolaus},
  journal={Nucleic acids research},
  volume={42},
  number={21},
  pages={12995--13011},
  year={2014},
  publisher={Oxford University Press}
}
@article{eggeling2014value,
  title={On the value of intra-motif dependencies of human insulator protein CTCF},
  author={Eggeling, Ralf and Gohr, Andr{\'e} and Keilwagen, Jens and Mohr, Michaela and Posch, Stefan and Smith, Andrew D and Grosse, Ivo},
  journal={PLoS One},
  volume={9},
  number={1},
  pages={e85629},
  year={2014},
  publisher={Public Library of Science San Francisco, USA}
}
@article{bell1999protein,
  title={The protein CTCF is required for the enhancer blocking activity of vertebrate insulators},
  author={Bell, Adam C and West, Adam G and Felsenfeld, Gary},
  journal={Cell},
  volume={98},
  number={3},
  pages={387--396},
  year={1999},
  publisher={Elsevier}
}
@article{siebert2016bayesian,
  title={Bayesian Markov models consistently outperform PWMs at predicting motifs in nucleotide sequences},
  author={Siebert, Matthias and S{\"o}ding, Johannes},
  journal={Nucleic acids research},
  volume={44},
  number={13},
  pages={6055--6069},
  year={2016},
  publisher={Oxford University Press}
}
@article{ge2021bayesian,
  title={Bayesian Markov models improve the prediction of binding motifs beyond first order},
  author={Ge, Wanwan and Meier, Markus and Roth, Christian and S{\"o}ding, Johannes},
  journal={NAR genomics and bioinformatics},
  volume={3},
  number={2},
  pages={lqab026},
  year={2021},
  publisher={Oxford University Press}
}
@inproceedings{boser1992training,
  title={A training algorithm for optimal margin classifiers},
  author={Boser, Bernhard E and Guyon, Isabelle M and Vapnik, Vladimir N},
  booktitle={Proceedings of the fifth annual workshop on Computational learning theory},
  pages={144--152},
  year={1992}
}
@article{ben2008support,
  title={Support vector machines and kernels for computational biology},
  author={Ben-Hur, Asa and Ong, Cheng Soon and Sonnenburg, S{\"o}ren and Sch{\"o}lkopf, Bernhard and R{\"a}tsch, Gunnar},
  journal={PLoS computational biology},
  volume={4},
  number={10},
  pages={e1000173},
  year={2008},
  publisher={Public Library of Science San Francisco, USA}
}
@incollection{leslie2001spectrum,
  title={The spectrum kernel: A string kernel for SVM protein classification},
  author={Leslie, Christina and Eskin, Eleazar and Noble, William Stafford},
  booktitle={Biocomputing 2002},
  pages={564--575},
  year={2001},
  publisher={World Scientific}
}
@article{eskin2002mismatch,
  title={Mismatch string kernels for SVM protein classification},
  author={Eskin, Eleazar and Weston, Jason and Noble, William and Leslie, Christina},
  journal={Advances in neural information processing systems},
  volume={15},
  year={2002}
}
@article{kuang2005profile,
  title={Profile-based string kernels for remote homology detection and motif extraction},
  author={Kuang, Rui and Ie, Eugene and Wang, Ke and Wang, Kai and Siddiqi, Mahira and Freund, Yoav and Leslie, Christina},
  journal={Journal of bioinformatics and computational biology},
  volume={3},
  number={03},
  pages={527--550},
  year={2005},
  publisher={World Scientific}
}
@article{lee2011discriminative,
  title={Discriminative prediction of mammalian enhancers from DNA sequence},
  author={Lee, Dongwon and Karchin, Rachel and Beer, Michael A},
  journal={Genome research},
  volume={21},
  number={12},
  pages={2167--2180},
  year={2011},
  publisher={Cold Spring Harbor Lab}
}
@article{fletez2013kmer,
  title={kmer-SVM: a web server for identifying predictive regulatory sequence features in genomic data sets},
  author={Fletez-Brant, Christopher and Lee, Dongwon and McCallion, Andrew S and Beer, Michael A},
  journal={Nucleic acids research},
  volume={41},
  number={W1},
  pages={W544--W556},
  year={2013},
  publisher={Oxford University Press}
}
@article{bodon2003trie,
  title={Trie: an alternative data structure for data mining algorithms},
  author={Bodon, Ferenc and R{\'o}nyai, Lajos},
  journal={Mathematical and Computer Modelling},
  volume={38},
  number={7-9},
  pages={739--751},
  year={2003},
  publisher={Elsevier}
}
@article{kasowski2010variation,
  title={Variation in transcription factor binding among humans},
  author={Kasowski, Maya and Grubert, Fabian and Heffelfinger, Christopher and Hariharan, Manoj and Asabere, Akwasi and Waszak, Sebastian M and Habegger, Lukas and Rozowsky, Joel and Shi, Minyi and Urban, Alexander E and others},
  journal={science},
  volume={328},
  number={5975},
  pages={232--235},
  year={2010},
  publisher={American Association for the Advancement of Science}
}
@article{gertz2013distinct,
  title={Distinct properties of cell-type-specific and shared transcription factor binding sites},
  author={Gertz, Jason and Savic, Daniel and Varley, Katherine E and Partridge, E Christopher and Safi, Alexias and Jain, Preti and Cooper, Gregory M and Reddy, Timothy E and Crawford, Gregory E and Myers, Richard M},
  journal={Molecular cell},
  volume={52},
  number={1},
  pages={25--36},
  year={2013},
  publisher={Elsevier}
}
@article{arvey2012sequence,
  title={Sequence and chromatin determinants of cell-type--specific transcription factor binding},
  author={Arvey, Aaron and Agius, Phaedra and Noble, William Stafford and Leslie, Christina},
  journal={Genome research},
  volume={22},
  number={9},
  pages={1723--1734},
  year={2012},
  publisher={Cold Spring Harbor Lab}
}
@article{tognon2021grafimo,
  title={GRAFIMO: variant and haplotype aware motif scanning on pangenome graphs},
  author={Tognon, Manuel and Bonnici, Vincenzo and Garrison, Erik and Giugno, Rosalba and Pinello, Luca},
  journal={PLoS computational biology},
  volume={17},
  number={9},
  pages={e1009444},
  year={2021},
  publisher={Public Library of Science San Francisco, CA USA}
}
@article{ghandi2014enhanced,
  title={Enhanced regulatory sequence prediction using gapped k-mer features},
  author={Ghandi, Mahmoud and Lee, Dongwon and Mohammad-Noori, Morteza and Beer, Michael A},
  journal={PLoS computational biology},
  volume={10},
  number={7},
  pages={e1003711},
  year={2014},
  publisher={Public Library of Science San Francisco, USA}
}
@article{encode2012integrated,
  title={An integrated encyclopedia of DNA elements in the human genome},
  author={ENCODE Project Consortium and others},
  journal={Nature},
  volume={489},
  number={7414},
  pages={57},
  year={2012},
  publisher={NIH Public Access}
}
@article{sandelin2004jaspar,
  title={JASPAR: an open-access database for eukaryotic transcription factor binding profiles},
  author={Sandelin, Albin and Alkema, Wynand and Engstr{\"o}m, P{\"a}r and Wasserman, Wyeth W and Lenhard, Boris},
  journal={Nucleic acids research},
  volume={32},
  number={suppl\_1},
  pages={D91--D94},
  year={2004},
  publisher={Oxford University Press}
}
@article{grant2011fimo,
  title={FIMO: scanning for occurrences of a given motif},
  author={Grant, Charles E and Bailey, Timothy L and Noble, William Stafford},
  journal={Bioinformatics},
  volume={27},
  number={7},
  pages={1017--1018},
  year={2011},
  publisher={Oxford University Press}
}
@article{kulakovskiy2016hocomoco,
  title={HOCOMOCO: expansion and enhancement of the collection of transcription factor binding sites models},
  author={Kulakovskiy, Ivan V and Vorontsov, Ilya E and Yevshin, Ivan S and Soboleva, Anastasiia V and Kasianov, Artem S and Ashoor, Haitham and Ba-Alawi, Wail and Bajic, Vladimir B and Medvedeva, Yulia A and Kolpakov, Fedor A and others},
  journal={Nucleic acids research},
  volume={44},
  number={D1},
  pages={D116--D125},
  year={2016},
  publisher={Oxford University Press}
}
@article{de2006regulatory,
  title={A regulatory SNP causes a human genetic disease by creating a new transcriptional promoter},
  author={De Gobbi, Marco and Viprakasit, Vip and Hughes, Jim R and Fisher, Chris and Buckle, Veronica J and Ayyub, Helena and Gibbons, Richard J and Vernimmen, Douglas and Yoshinaga, Yuko and De Jong, Pieter and others},
  journal={Science},
  volume={312},
  number={5777},
  pages={1215--1217},
  year={2006},
  publisher={American Association for the Advancement of Science}
}
@article{weinhold2014genome,
  title={Genome-wide analysis of noncoding regulatory mutations in cancer},
  author={Weinhold, Nils and Jacobsen, Anders and Schultz, Nikolaus and Sander, Chris and Lee, William},
  journal={Nature genetics},
  volume={46},
  number={11},
  pages={1160--1165},
  year={2014},
  publisher={Nature Publishing Group}
}
@article{guo2018mutation,
  title={Mutation hotspots at CTCF binding sites coupled to chromosomal instability in gastrointestinal cancers},
  author={Guo, Yu Amanda and Chang, Mei Mei and Huang, Weitai and Ooi, Wen Fong and Xing, Manjie and Tan, Patrick and Skanderup, Anders Jacobsen},
  journal={Nature communications},
  volume={9},
  number={1},
  pages={1--14},
  year={2018},
  publisher={Nature Publishing Group}
}
@article{maurano2012systematic,
  title={Systematic localization of common disease-associated variation in regulatory DNA},
  author={Maurano, Matthew T and Humbert, Richard and Rynes, Eric and Thurman, Robert E and Haugen, Eric and Wang, Hao and Reynolds, Alex P and Sandstrom, Richard and Qu, Hongzhu and Brody, Jennifer and others},
  journal={Science},
  volume={337},
  number={6099},
  pages={1190--1195},
  year={2012},
  publisher={American Association for the Advancement of Science}
}
@article{deplancke2016genetics,
  title={The genetics of transcription factor DNA binding variation},
  author={Deplancke, Bart and Alpern, Daniel and Gardeux, Vincent},
  journal={Cell},
  volume={166},
  number={3},
  pages={538--554},
  year={2016},
  publisher={Elsevier}
}
@article{paten2017genome,
  title={Genome graphs and the evolution of genome inference},
  author={Paten, Benedict and Novak, Adam M and Eizenga, Jordan M and Garrison, Erik},
  journal={Genome research},
  volume={27},
  number={5},
  pages={665--676},
  year={2017},
  publisher={Cold Spring Harbor Lab}
}
@article{yao2021motif,
  title={Motif-Raptor: a cell type-specific and transcription factor centric approach for post-GWAS prioritization of causal regulators},
  author={Yao, Qiuming and Ferragina, Paolo and Reshef, Yakir and Lettre, Guillaume and Bauer, Daniel E and Pinello, Luca},
  journal={Bioinformatics},
  volume={37},
  number={15},
  pages={2103--2111},
  year={2021},
  publisher={Oxford University Press}
}
@article{siren2020haplotype,
  title={Haplotype-aware graph indexes},
  author={Sir{\'e}n, Jouni and Garrison, Erik and Novak, Adam M and Paten, Benedict and Durbin, Richard},
  journal={Bioinformatics},
  volume={36},
  number={2},
  pages={400--407},
  year={2020},
  publisher={Oxford University Press}
}
@article{garrison2018variation,
  title={Variation graph toolkit improves read mapping by representing genetic variation in the reference},
  author={Garrison, Erik and Sir{\'e}n, Jouni and Novak, Adam M and Hickey, Glenn and Eizenga, Jordan M and Dawson, Eric T and Jones, William and Garg, Shilpa and Markello, Charles and Lin, Michael F and others},
  journal={Nature biotechnology},
  volume={36},
  number={9},
  pages={875--879},
  year={2018},
  publisher={Nature Publishing Group}
}
@article{siva20081000,
  title={1000 Genomes project},
  author={Siva, Nayanah},
  journal={Nature biotechnology},
  volume={26},
  number={3},
  pages={256--257},
  year={2008},
  publisher={Nature Publishing Group}
}
@article{korhonen2009moods,
  title={MOODS: fast search for position weight matrix matches in DNA sequences},
  author={Korhonen, Janne and Martinm{\"a}ki, Petri and Pizzi, Cinzia and Rastas, Pasi and Ukkonen, Esko},
  journal={Bioinformatics},
  volume={25},
  number={23},
  pages={3181--3182},
  year={2009},
  publisher={Oxford University Press}
}
@article{macintyre2010rsnp,
  title={is-rSNP: a novel technique for in silico regulatory SNP detection},
  author={Macintyre, Geoff and Bailey, James and Haviv, Izhak and Kowalczyk, Adam},
  journal={Bioinformatics},
  volume={26},
  number={18},
  pages={i524--i530},
  year={2010},
  publisher={Oxford University Press}
}
@article{thomas2011transcription,
  title={Transcription factor binding predictions using TRAP for the analysis of ChIP-seq data and regulatory SNPs},
  author={Thomas-Chollier, Morgane and Hufton, Andrew and Heinig, Matthias and O'keeffe, Sean and Masri, Nassim El and Roider, Helge G and Manke, Thomas and Vingron, Martin},
  journal={Nature protocols},
  volume={6},
  number={12},
  pages={1860--1869},
  year={2011},
  publisher={Nature Publishing Group}
}
@article{zuo2015atsnp,
  title={atSNP: transcription factor binding affinity testing for regulatory SNP detection},
  author={Zuo, Chandler and Shin, Sunyoung and Kele{\c{s}}, S{\"u}nd{\"u}z},
  journal={Bioinformatics},
  volume={31},
  number={20},
  pages={3353--3355},
  year={2015},
  publisher={Oxford University Press}
}
@article{clement2020technologies,
  title={Technologies and computational analysis strategies for CRISPR applications},
  author={Clement, Kendell and Hsu, Jonathan Y and Canver, Matthew C and Joung, J Keith and Pinello, Luca},
  journal={Molecular cell},
  volume={79},
  number={1},
  pages={11--29},
  year={2020},
  publisher={Elsevier}
}
@article{bao2021tools,
  title={Tools for experimental and computational analyses of off-target editing by programmable nucleases},
  author={Bao, X Robert and Pan, Yidan and Lee, Ciaran M and Davis, Timothy H and Bao, Gang},
  journal={Nature protocols},
  volume={16},
  number={1},
  pages={10--26},
  year={2021},
  publisher={Nature Publishing Group}
}
@article{hsu2013dna,
  title={DNA targeting specificity of RNA-guided Cas9 nucleases},
  author={Hsu, Patrick D and Scott, David A and Weinstein, Joshua A and Ran, F and Konermann, Silvana and Agarwala, Vineeta and Li, Yinqing and Fine, Eli J and Wu, Xuebing and Shalem, Ophir and others},
  journal={Nature biotechnology},
  volume={31},
  number={9},
  pages={827--832},
  year={2013},
  publisher={Nature Publishing Group}
}
@article{doench2016optimized,
  title={Optimized sgRNA design to maximize activity and minimize off-target effects of CRISPR-Cas9},
  author={Doench, John G and Fusi, Nicolo and Sullender, Meagan and Hegde, Mudra and Vaimberg, Emma W and Donovan, Katherine F and Smith, Ian and Tothova, Zuzana and Wilen, Craig and Orchard, Robert and others},
  journal={Nature biotechnology},
  volume={34},
  number={2},
  pages={184--191},
  year={2016},
  publisher={Nature Publishing Group}
}
@article{chaudhari2020evaluation,
  title={Evaluation of homology-independent CRISPR-Cas9 off-target assessment methods},
  author={Chaudhari, Hemangi G and Penterman, Jon and Whitton, Holly J and Spencer, Sarah J and Flanagan, Nicole and Lei Zhang, Maria C and Huang, Elaine and Khedkar, Aditya S and Toomey, J Mike and Shearer, Courtney A and others},
  journal={The CRISPR journal},
  volume={3},
  number={6},
  pages={440--453},
  year={2020},
  publisher={Mary Ann Liebert, Inc., publishers 140 Huguenot Street, 3rd Floor New~…}
}
@article{karczewski2017exac,
  title={The ExAC browser: displaying reference data information from over 60 000 exomes},
  author={Karczewski, Konrad J and Weisburd, Ben and Thomas, Brett and Solomonson, Matthew and Ruderfer, Douglas M and Kavanagh, David and Hamamsy, Tymor and Lek, Monkol and Samocha, Kaitlin E and Cummings, Beryl B and others},
  journal={Nucleic acids research},
  volume={45},
  number={D1},
  pages={D840--D845},
  year={2017},
  publisher={Oxford University Press}
}
@article{lessard2017human,
  title={Human genetic variation alters CRISPR-Cas9 on-and off-targeting specificity at therapeutically implicated loci},
  author={Lessard, Samuel and Francioli, Laurent and Alfoldi, Jessica and Tardif, Jean-Claude and Ellinor, Patrick T and MacArthur, Daniel G and Lettre, Guillaume and Orkin, Stuart H and Canver, Matthew C},
  journal={Proceedings of the National Academy of Sciences},
  volume={114},
  number={52},
  pages={E11257--E11266},
  year={2017},
  publisher={National Acad Sciences}
}
@article{scott2017implications,
  title={Implications of human genetic variation in CRISPR-based therapeutic genome editing},
  author={Scott, David A and Zhang, Feng},
  journal={Nature medicine},
  volume={23},
  number={9},
  pages={1095--1101},
  year={2017},
  publisher={Nature Publishing Group}
}
@article{concordet2018crispor,
  title={CRISPOR: intuitive guide selection for CRISPR/Cas9 genome editing experiments and screens},
  author={Concordet, Jean-Paul and Haeussler, Maximilian},
  journal={Nucleic acids research},
  volume={46},
  number={W1},
  pages={W242--W245},
  year={2018},
  publisher={Oxford University Press}
}
@article{listgarten2018prediction,
  title={Prediction of off-target activities for the end-to-end design of CRISPR guide RNAs},
  author={Listgarten, Jennifer and Weinstein, Michael and Kleinstiver, Benjamin P and Sousa, Alexander A and Joung, J Keith and Crawford, Jake and Gao, Kevin and Hoang, Luong and Elibol, Melih and Doench, John G and others},
  journal={Nature biomedical engineering},
  volume={2},
  number={1},
  pages={38--47},
  year={2018},
  publisher={Nature Publishing Group}
}
@article{labun2019chopchop,
  title={CHOPCHOP v3: expanding the CRISPR web toolbox beyond genome editing},
  author={Labun, Kornel and Montague, Tessa G and Krause, Maximilian and Torres Cleuren, Yamila N and Tjeldnes, H{\aa}kon and Valen, Eivind},
  journal={Nucleic acids research},
  volume={47},
  number={W1},
  pages={W171--W174},
  year={2019},
  publisher={Oxford University Press}
}
@article{park2015cas,
  title={Cas-Designer: a web-based tool for choice of CRISPR-Cas9 target sites},
  author={Park, Jeongbin and Bae, Sangsu and Kim, Jin-Soo},
  journal={Bioinformatics},
  volume={31},
  number={24},
  pages={4014--4016},
  year={2015},
  publisher={Oxford University Press}
}
@article{cancellieri2020crispritz,
  title={CRISPRitz: rapid, high-throughput and variant-aware in silico off-target site identification for CRISPR genome editing},
  author={Cancellieri, Samuele and Canver, Matthew C and Bombieri, Nicola and Giugno, Rosalba and Pinello, Luca},
  journal={Bioinformatics},
  volume={36},
  number={7},
  pages={2001--2008},
  year={2020},
  publisher={Oxford University Press}
}
@article{bergstrom2020insights,
  title={Insights into human genetic variation and population history from 929 diverse genomes},
  author={Bergstr{\"o}m, Anders and McCarthy, Shane A and Hui, Ruoyun and Almarri, Mohamed A and Ayub, Qasim and Danecek, Petr and Chen, Yuan and Felkel, Sabine and Hallast, Pille and Kamm, Jack and others},
  journal={Science},
  volume={367},
  number={6484},
  pages={eaay5012},
  year={2020},
  publisher={American Association for the Advancement of Science}
}
@article{karczewski2020mutational,
  title={The mutational constraint spectrum quantified from variation in 141,456 humans},
  author={Karczewski, Konrad J and Francioli, Laurent C and Tiao, Grace and Cummings, Beryl B and Alf{\"o}ldi, Jessica and Wang, Qingbo and Collins, Ryan L and Laricchia, Kristen M and Ganna, Andrea and Birnbaum, Daniel P and others},
  journal={Nature},
  volume={581},
  number={7809},
  pages={434--443},
  year={2020},
  publisher={Nature Publishing Group}
}
@article{frangoul2021crispr,
  title={CRISPR-Cas9 gene editing for sickle cell disease and $\beta$-thalassemia},
  author={Frangoul, Haydar and Altshuler, David and Cappellini, M Domenica and Chen, Yi-Shan and Domm, Jennifer and Eustace, Brenda K and Foell, Juergen and de la Fuente, Josu and Grupp, Stephan and Handgretinger, Rupert and others},
  journal={New England Journal of Medicine},
  volume={384},
  number={3},
  pages={252--260},
  year={2021},
  publisher={Mass Medical Soc}
}
@article{canver2015bcl11a,
  title={BCL11A enhancer dissection by Cas9-mediated in situ saturating mutagenesis},
  author={Canver, Matthew C and Smith, Elenoe C and Sher, Falak and Pinello, Luca and Sanjana, Neville E and Shalem, Ophir and Chen, Diane D and Schupp, Patrick G and Vinjamur, Divya S and Garcia, Sara P and others},
  journal={Nature},
  volume={527},
  number={7577},
  pages={192--197},
  year={2015},
  publisher={Nature Publishing Group}
}
@article{wu2019highly,
  title={Highly efficient therapeutic gene editing of human hematopoietic stem cells},
  author={Wu, Yuxuan and Zeng, Jing and Roscoe, Benjamin P and Liu, Pengpeng and Yao, Qiuming and Lazzarotto, Cicera R and Clement, Kendell and Cole, Mitchel A and Luk, Kevin and Baricordi, Cristina and others},
  journal={Nature medicine},
  volume={25},
  number={5},
  pages={776--783},
  year={2019},
  publisher={Nature Publishing Group}
}
@article{cancellieri2023human,
  title={Human genetic diversity alters off-target outcomes of therapeutic gene editing},
  author={Cancellieri, Samuele and Zeng, Jing and Lin, Linda Yingqi and Tognon, Manuel and Nguyen, My Anh and Lin, Jiecong and Bombieri, Nicola and Maitland, Stacy A and Ciuculescu, Marioara-Felicia and Katta, Varun and others},
  journal={Nature Genetics},
  volume={55},
  number={1},
  pages={34--43},
  year={2023},
  publisher={Nature Publishing Group}
}
@article{cancellieri2022human,
  title={Human genetic diversity alters therapeutic gene editing off-target outcomes (\textit{in press})},
  author={Cancellieri, Samuele and Zeng, Jing and Lin, Linda Yingqi and Tognon, Manuel and Nguyen, My Anh and Lin, Jiecong and Bombieri, Nicola and Maitland, Stacy A and Ciuculescu, Marioara-Felicia and Katta, Varun and others},
  journal={Nature genetics},
  year={2022},
}
@article{walton2020unconstrained,
  title={Unconstrained genome targeting with near-PAMless engineered CRISPR-Cas9 variants},
  author={Walton, Russell T and Christie, Kathleen A and Whittaker, Madelynn N and Kleinstiver, Benjamin P},
  journal={Science},
  volume={368},
  number={6488},
  pages={290--296},
  year={2020},
  publisher={American Association for the Advancement of Science}
}
@article{fennell2021calitas,
  title={CALITAS: a CRISPR-cas-aware ALigner for in silico off-TArget Search},
  author={Fennell, Tim and Zhang, Deric and Isik, Meltem and Wang, Tongyao and Gotta, Gregory and Wilson, Christopher J and Marco, Eugenio},
  journal={The CRISPR Journal},
  volume={4},
  number={2},
  pages={264--274},
  year={2021},
  publisher={Mary Ann Liebert, Inc., publishers 140 Huguenot Street, 3rd Floor New~…}
}
@article{abadi2017machine,
  title={A machine learning approach for predicting CRISPR-Cas9 cleavage efficiencies and patterns underlying its mechanism of action},
  author={Abadi, Shiran and Yan, Winston X and Amar, David and Mayrose, Itay},
  journal={PLoS computational biology},
  volume={13},
  number={10},
  pages={e1005807},
  year={2017},
  publisher={Public Library of Science San Francisco, CA USA}
}
@article{demirci2019durable,
  title={Durable and robust fetal globin induction without Anemia in rhesus monkeys following autologous hematopoietic stem cell transplant with BCL11A Erythroid enhancer editing},
  author={Demirci, Selami and Zeng, Jing and Wu, Yuxuan and Uchida, Naoya and Gamer, Jackson and Yapundich, Morgan and Drysdale, Claire and Bonifacino, Aylin C and Krouse, Allen E and Linde, Nathaniel S and others},
  journal={Blood},
  volume={134},
  pages={4632},
  year={2019},
  publisher={Elsevier}
}
@article{schmid2020highly,
  title={Highly parallel profiling of Cas9 variant specificity},
  author={Schmid-Burgk, Jonathan L and Gao, Linyi and Li, David and Gardner, Zachary and Strecker, Jonathan and Lash, Blake and Zhang, Feng},
  journal={Molecular cell},
  volume={78},
  number={4},
  pages={794--800},
  year={2020},
  publisher={Elsevier}
}
@article{vakulskas2018high,
  title={A high-fidelity Cas9 mutant delivered as a ribonucleoprotein complex enables efficient gene editing in human hematopoietic stem and progenitor cells},
  author={Vakulskas, Christopher A and Dever, Daniel P and Rettig, Garrett R and Turk, Rolf and Jacobi, Ashley M and Collingwood, Michael A and Bode, Nicole M and McNeill, Matthew S and Yan, Shuqi and Camarena, Joab and others},
  journal={Nature medicine},
  volume={24},
  number={8},
  pages={1216--1224},
  year={2018},
  publisher={Nature Publishing Group}
}
@article{xu2017crispr,
  title={CRISPR/Cas9-mediated CCR5 ablation in human hematopoietic stem/progenitor cells confers HIV-1 resistance in vivo},
  author={Xu, Lei and Yang, Huan and Gao, Yang and Chen, Zeyu and Xie, Liangfu and Liu, Yulin and Liu, Ying and Wang, Xiaobao and Li, Hanwei and Lai, Weifeng and others},
  journal={Molecular Therapy},
  volume={25},
  number={8},
  pages={1782--1789},
  year={2017},
  publisher={Elsevier}
}
@article{xu2019crispr,
  title={CRISPR-edited stem cells in a patient with HIV and acute lymphocytic leukemia},
  author={Xu, Lei and Wang, Jun and Liu, Yulin and Xie, Liangfu and Su, Bin and Mou, Danlei and Wang, Longteng and Liu, Tingting and Wang, Xiaobao and Zhang, Bin and others},
  journal={New England Journal of Medicine},
  volume={381},
  number={13},
  pages={1240--1247},
  year={2019},
  publisher={Mass Medical Soc}
}
@article{stadtmauer2020crispr,
  title={CRISPR-engineered T cells in patients with refractory cancer},
  author={Stadtmauer, Edward A and Fraietta, Joseph A and Davis, Megan M and Cohen, Adam D and Weber, Kristy L and Lancaster, Eric and Mangan, Patricia A and Kulikovskaya, Irina and Gupta, Minnal and Chen, Fang and others},
  journal={Science},
  volume={367},
  number={6481},
  pages={eaba7365},
  year={2020},
  publisher={American Association for the Advancement of Science}
}
@article{gillmore2021crispr,
  title={CRISPR-Cas9 in vivo gene editing for transthyretin amyloidosis},
  author={Gillmore, Julian D and Gane, Ed and Taubel, Jorg and Kao, Justin and Fontana, Marianna and Maitland, Michael L and Seitzer, Jessica and O’Connell, Daniel and Walsh, Kathryn R and Wood, Kristy and others},
  journal={New England Journal of Medicine},
  volume={385},
  number={6},
  pages={493--502},
  year={2021},
  publisher={Mass Medical Soc}
}
@article{dewitt2016selection,
  title={Selection-free genome editing of the sickle mutation in human adult hematopoietic stem/progenitor cells},
  author={DeWitt, Mark A and Magis, Wendy and Bray, Nicolas L and Wang, Tianjiao and Berman, Jennifer R and Urbinati, Fabrizia and Heo, Seok-Jin and Mitros, Therese and Mu{\~n}oz, Denise P and Boffelli, Dario and others},
  journal={Science translational medicine},
  volume={8},
  number={360},
  pages={360ra134--360ra134},
  year={2016},
  publisher={American Association for the Advancement of Science}
}
@article{xu2019editing,
  title={Editing aberrant splice sites efficiently restores $\beta$-globin expression in $\beta$-thalassemia},
  author={Xu, Shuqian and Luk, Kevin and Yao, Qiuming and Shen, Anne H and Zeng, Jing and Wu, Yuxuan and Luo, Hong-Yuan and Brendel, Christian and Pinello, Luca and Chui, David HK and others},
  journal={Blood, The Journal of the American Society of Hematology},
  volume={133},
  number={21},
  pages={2255--2262},
  year={2019},
  publisher={American Society of Hematology Washington, DC}
}
@article{metais2019genome,
  title={Genome editing of HBG1 and HBG2 to induce fetal hemoglobin},
  author={M{\'e}tais, Jean-Yves and Doerfler, Phillip A and Mayuranathan, Thiyagaraj and Bauer, Daniel E and Fowler, Stephanie C and Hsieh, Matthew M and Katta, Varun and Keriwala, Sagar and Lazzarotto, Cicera R and Luk, Kevin and others},
  journal={Blood advances},
  volume={3},
  number={21},
  pages={3379--3392},
  year={2019},
  publisher={American Society of Hematology Washington, DC}
}
@article{tsai2015guide,
  title={GUIDE-seq enables genome-wide profiling of off-target cleavage by CRISPR-Cas nucleases},
  author={Tsai, Shengdar Q and Zheng, Zongli and Nguyen, Nhu T and Liebers, Matthew and Topkar, Ved V and Thapar, Vishal and Wyvekens, Nicolas and Khayter, Cyd and Iafrate, A John and Le, Long P and others},
  journal={Nature biotechnology},
  volume={33},
  number={2},
  pages={187--197},
  year={2015},
  publisher={Nature Publishing Group}
}
@article{zeng2020therapeutic,
  title={Therapeutic base editing of human hematopoietic stem cells},
  author={Zeng, Jing and Wu, Yuxuan and Ren, Chunyan and Bonanno, Jasmine and Shen, Anne H and Shea, Devlin and Gehrke, Jason M and Clement, Kendell and Luk, Kevin and Yao, Qiuming and others},
  journal={Nature Medicine},
  volume={26},
  number={4},
  pages={535--541},
  year={2020},
  publisher={Nature Publishing Group}
}
@article{musunuru2021vivo,
  title={In vivo CRISPR base editing of PCSK9 durably lowers cholesterol in primates},
  author={Musunuru, Kiran and Chadwick, Alexandra C and Mizoguchi, Taiji and Garcia, Sara P and DeNizio, Jamie E and Reiss, Caroline W and Wang, Kui and Iyer, Sowmya and Dutta, Chaitali and Clendaniel, Victoria and others},
  journal={Nature},
  volume={593},
  number={7859},
  pages={429--434},
  year={2021},
  publisher={Nature Publishing Group}
}
@article{chu2021rationally,
  title={Rationally designed base editors for precise editing of the sickle cell disease mutation},
  author={Chu, S Haihua and Packer, Michael and Rees, Holly and Lam, Dieter and Yu, Yi and Marshall, Jeffrey and Cheng, Lo-I and Lam, Daisy and Olins, Jenny and Ran, Fei Ann and others},
  journal={The CRISPR Journal},
  volume={4},
  number={2},
  pages={169--177},
  year={2021},
  publisher={Mary Ann Liebert, Inc., publishers 140 Huguenot Street, 3rd Floor New~…}
}
@article{newby2021base,
  title={Base editing of haematopoietic stem cells rescues sickle cell disease in mice},
  author={Newby, Gregory A and Yen, Jonathan S and Woodard, Kaitly J and Mayuranathan, Thiyagaraj and Lazzarotto, Cicera R and Li, Yichao and Sheppard-Tillman, Heather and Porter, Shaina N and Yao, Yu and Mayberry, Kalin and others},
  journal={Nature},
  volume={595},
  number={7866},
  pages={295--302},
  year={2021},
  publisher={Nature Publishing Group}
}
@article{maeder2019development,
  title={Development of a gene-editing approach to restore vision loss in Leber congenital amaurosis type 10},
  author={Maeder, Morgan L and Stefanidakis, Michael and Wilson, Christopher J and Baral, Reshica and Barrera, Luis Alberto and Bounoutas, George S and Bumcrot, David and Chao, Hoson and Ciulla, Dawn M and DaSilva, Jennifer A and others},
  journal={Nature medicine},
  volume={25},
  number={2},
  pages={229--233},
  year={2019},
  publisher={Nature Publishing Group}
}
@article{de2019edit,
  title={EDIT-301: an experimental autologous cell therapy comprising Cas12a-RNP modified mPB-CD34+ cells for the potential treatment of SCD},
  author={De Dreuzy, Edouard and Heath, Jack and Zuris, John A and Sousa, Patricia and Viswanathan, Ramya and Scott, Sean and Da Silva, Jen and Ta, Terence and Capehart, Stacy and Wang, Tongyao and others},
  journal={Blood},
  volume={134},
  pages={4636},
  year={2019},
  publisher={Elsevier}
}
@article{zhao2016tsgene,
  title={TSGene 2.0: an updated literature-based knowledgebase for tumor suppressor genes},
  author={Zhao, Min and Kim, Pora and Mitra, Ramkrishna and Zhao, Junfei and Zhao, Zhongming},
  journal={Nucleic acids research},
  volume={44},
  number={D1},
  pages={D1023--D1031},
  year={2016},
  publisher={Oxford University Press}
}
@article{finkel2017nusinersen,
  title={Nusinersen versus sham control in infantile-onset spinal muscular atrophy},
  author={Finkel, Richard S and Mercuri, Eugenio and Darras, Basil T and Connolly, Anne M and Kuntz, Nancy L and Kirschner, Janbernd and Chiriboga, Claudia A and Saito, Kayoko and Servais, Laurent and Tizzano, Eduardo and others},
  journal={N Engl J Med},
  volume={377},
  pages={1723--1732},
  year={2017},
  publisher={Mass Medical Soc}
}
@article{mercuri2018nusinersen,
  title={Nusinersen versus sham control in later-onset spinal muscular atrophy},
  author={Mercuri, Eugenio and Darras, Basil T and Chiriboga, Claudia A and Day, John W and Campbell, Craig and Connolly, Anne M and Iannaccone, Susan T and Kirschner, Janbernd and Kuntz, Nancy L and Saito, Kayoko and others},
  journal={New England Journal of Medicine},
  volume={378},
  number={7},
  pages={625--635},
  year={2018},
  publisher={Mass Medical Soc}
}
@article{raal2020inclisiran,
  title={Inclisiran for the treatment of heterozygous familial hypercholesterolemia},
  author={Raal, Frederick J and Kallend, David and Ray, Kausik K and Turner, Traci and Koenig, Wolfgang and Wright, R Scott and Wijngaard, Peter LJ and Curcio, Danielle and Jaros, Mark J and Leiter, Lawrence A and others},
  journal={New England Journal of Medicine},
  volume={382},
  number={16},
  pages={1520--1530},
  year={2020},
  publisher={Mass Medical Soc}
}
@article{cong2013multiplex,
  title={Multiplex genome engineering using CRISPR/Cas systems},
  author={Cong, Le and Ran, F Ann and Cox, David and Lin, Shuailiang and Barretto, Robert and Habib, Naomi and Hsu, Patrick D and Wu, Xuebing and Jiang, Wenyan and Marraffini, Luciano A and others},
  journal={Science},
  volume={339},
  number={6121},
  pages={819--823},
  year={2013},
  publisher={American Association for the Advancement of Science}
}
@article{ran2013genome,
  title={Genome engineering using the CRISPR-Cas9 system},
  author={Ran, FAFA and Hsu, Patrick D and Wright, Jason and Agarwala, Vineeta and Scott, David A and Zhang, Feng},
  journal={Nature protocols},
  volume={8},
  number={11},
  pages={2281--2308},
  year={2013},
  publisher={Nature Publishing Group}
}
@article{bialk2015regulation,
  title={Regulation of gene editing activity directed by single-stranded oligonucleotides and CRISPR/Cas9 systems},
  author={Bialk, Pawel and Rivera-Torres, Natalia and Strouse, Bryan and Kmiec, Eric B},
  journal={PloS one},
  volume={10},
  number={6},
  pages={e0129308},
  year={2015},
  publisher={Public Library of Science San Francisco, CA USA}
}
@article{ginsburg2009genomic,
  title={Genomic and personalized medicine: foundations and applications},
  author={Ginsburg, Geoffrey S and Willard, Huntington F},
  journal={Translational research},
  volume={154},
  number={6},
  pages={277--287},
  year={2009},
  publisher={Elsevier}
}
@article{voelkerding2009next,
  title={Next-generation sequencing: from basic research to diagnostics},
  author={Voelkerding, Karl V and Dames, Shale A and Durtschi, Jacob D},
  journal={Clinical chemistry},
  volume={55},
  number={4},
  pages={641--658},
  year={2009},
  publisher={Oxford University Press}
}
@incollection{leslie2003fast,
  title={Fast kernels for inexact string matching},
  author={Leslie, Christina and Kuang, Rui},
  booktitle={Learning Theory and Kernel Machines},
  pages={114--128},
  year={2003},
  publisher={Springer}
}
@article{agius2010high,
  title={High resolution models of transcription factor-DNA affinities improve in vitro and in vivo binding predictions},
  author={Agius, Phaedra and Arvey, Aaron and Chang, William and Noble, William Stafford and Leslie, Christina},
  journal={PLoS computational biology},
  volume={6},
  number={9},
  pages={e1000916},
  year={2010},
  publisher={Public Library of Science San Francisco, USA}
}
@article{ghandi2014robust,
  title={Robust \$\$ k \$\$ k-mer frequency estimation using gapped \$\$ k \$\$ k-mers},
  author={Ghandi, Mahmoud and Mohammad-Noori, Morteza and Beer, Michael A},
  journal={Journal of mathematical biology},
  volume={69},
  number={2},
  pages={469--500},
  year={2014},
  publisher={Springer}
}
@article{ghandi2016gkmsvm,
  title={gkmSVM: an R package for gapped-kmer SVM},
  author={Ghandi, Mahmoud and Mohammad-Noori, Morteza and Ghareghani, Narges and Lee, Dongwon and Garraway, Levi and Beer, Michael A},
  journal={Bioinformatics},
  volume={32},
  number={14},
  pages={2205--2207},
  year={2016},
  publisher={Oxford University Press}
}
@article{lee2016ls,
  title={LS-GKM: a new gkm-SVM for large-scale datasets},
  author={Lee, Dongwon},
  journal={Bioinformatics},
  volume={32},
  number={14},
  pages={2196--2198},
  year={2016},
  publisher={Oxford University Press}
}
@article{talukder2021interpretation,
  title={Interpretation of deep learning in genomics and epigenomics},
  author={Talukder, Amlan and Barham, Clayton and Li, Xiaoman and Hu, Haiyan},
  journal={Briefings in Bioinformatics},
  volume={22},
  number={3},
  pages={bbaa177},
  year={2021},
  publisher={Oxford University Press}
}
@article{zeng2020integrating,
  title={Integrating distal and proximal information to predict gene expression via a densely connected convolutional neural network},
  author={Zeng, Wanwen and Wang, Yong and Jiang, Rui},
  journal={Bioinformatics},
  volume={36},
  number={2},
  pages={496--503},
  year={2020},
  publisher={Oxford University Press}
}
@article{singh2016deepchrome,
  title={DeepChrome: deep-learning for predicting gene expression from histone modifications},
  author={Singh, Ritambhara and Lanchantin, Jack and Robins, Gabriel and Qi, Yanjun},
  journal={Bioinformatics},
  volume={32},
  number={17},
  pages={i639--i648},
  year={2016},
  publisher={Oxford University Press}
}
@article{singh2019predicting,
  title={Predicting enhancer-promoter interaction from genomic sequence with deep neural networks},
  author={Singh, Shashank and Yang, Yang and P{\'o}czos, Barnab{\'a}s and Ma, Jian},
  journal={Quantitative Biology},
  volume={7},
  number={2},
  pages={122--137},
  year={2019},
  publisher={Springer}
}
@article{zeng2018prediction,
  title={Prediction of enhancer-promoter interactions via natural language processing},
  author={Zeng, Wanwen and Wu, Mengmeng and Jiang, Rui},
  journal={BMC genomics},
  volume={19},
  number={2},
  pages={13--22},
  year={2018},
  publisher={Springer}
}
@article{kelley2018sequential,
  title={Sequential regulatory activity prediction across chromosomes with convolutional neural networks},
  author={Kelley, David R and Reshef, Yakir A and Bileschi, Maxwell and Belanger, David and McLean, Cory Y and Snoek, Jasper},
  journal={Genome research},
  volume={28},
  number={5},
  pages={739--750},
  year={2018},
  publisher={Cold Spring Harbor Lab}
}
@article{li2019deeptact,
  title={DeepTACT: predicting 3D chromatin contacts via bootstrapping deep learning},
  author={Li, Wenran and Wong, Wing Hung and Jiang, Rui},
  journal={Nucleic acids research},
  volume={47},
  number={10},
  pages={e60--e60},
  year={2019},
  publisher={Oxford University Press}
}
@article{yin2019deephistone,
  title={DeepHistone: a deep learning approach to predicting histone modifications},
  author={Yin, Qijin and Wu, Mengmeng and Liu, Qiao and Lv, Hairong and Jiang, Rui},
  journal={BMC genomics},
  volume={20},
  number={2},
  pages={11--23},
  year={2019},
  publisher={BioMed Central}
}
@article{manzanarez2018model,
  title={Model based on GA and DNN for prediction of mRNA-Smad7 expression regulated by miRNAs in breast cancer},
  author={Manzanarez-Ozuna, Edgar and Flores, Dora-Luz and Guti{\'e}rrez-L{\'o}pez, Everardo and Cervantes, David and Ju{\'a}rez, Patricia},
  journal={Theoretical Biology and Medical Modelling},
  volume={15},
  number={1},
  pages={1--12},
  year={2018},
  publisher={BioMed Central}
}
@article{park2015deep,
  title={Deep learning for regulatory genomics},
  author={Park, Yongjin and Kellis, Manolis},
  journal={Nature biotechnology},
  volume={33},
  number={8},
  pages={825--826},
  year={2015},
  publisher={Nature Publishing Group}
}
@article{zhang2019deep,
  title={Deep learning in omics: a survey and guideline},
  author={Zhang, Zhiqiang and Zhao, Yi and Liao, Xiangke and Shi, Wenqiang and Li, Kenli and Zou, Quan and Peng, Shaoliang},
  journal={Briefings in functional genomics},
  volume={18},
  number={1},
  pages={41--57},
  year={2019},
  publisher={Oxford University Press}
}
@article{lecun2015deep,
  title={Deep learning},
  author={LeCun, Yann and Bengio, Yoshua and Hinton, Geoffrey},
  journal={nature},
  volume={521},
  number={7553},
  pages={436--444},
  year={2015},
  publisher={Nature Publishing Group}
}
@article{alipanahi2015predicting,
  title={Predicting the sequence specificities of DNA-and RNA-binding proteins by deep learning},
  author={Alipanahi, Babak and Delong, Andrew and Weirauch, Matthew T and Frey, Brendan J},
  journal={Nature biotechnology},
  volume={33},
  number={8},
  pages={831--838},
  year={2015},
  publisher={Nature Publishing Group}
}
@article{zhou2015predicting,
  title={Predicting effects of noncoding variants with deep learning--based sequence model},
  author={Zhou, Jian and Troyanskaya, Olga G},
  journal={Nature methods},
  volume={12},
  number={10},
  pages={931--934},
  year={2015},
  publisher={Nature Publishing Group}
}
@article{kelley2016basset,
  title={Basset: learning the regulatory code of the accessible genome with deep convolutional neural networks},
  author={Kelley, David R and Snoek, Jasper and Rinn, John L},
  journal={Genome research},
  volume={26},
  number={7},
  pages={990--999},
  year={2016},
  publisher={Cold Spring Harbor Lab}
}
@article{zeng2016convolutional,
  title={Convolutional neural network architectures for predicting DNA--protein binding},
  author={Zeng, Haoyang and Edwards, Matthew D and Liu, Ge and Gifford, David K},
  journal={Bioinformatics},
  volume={32},
  number={12},
  pages={i121--i127},
  year={2016},
  publisher={Oxford University Press}
}
@inproceedings{sainath2013improvements,
  title={Improvements to deep convolutional neural networks for LVCSR},
  author={Sainath, Tara N and Kingsbury, Brian and Mohamed, Abdel-rahman and Dahl, George E and Saon, George and Soltau, Hagen and Beran, Tomas and Aravkin, Aleksandr Y and Ramabhadran, Bhuvana},
  booktitle={2013 IEEE workshop on automatic speech recognition and understanding},
  pages={315--320},
  year={2013},
  organization={IEEE}
}
@inproceedings{vu2017use,
  title={On the use of convolutional neural networks for graphical model-based human pose estimation},
  author={Vu, Huynh and Cheng, Eva and Wilkinson, Richardt and Lech, Margaret},
  booktitle={2017 International Conference on Recent Advances in Signal Processing, Telecommunications \& Computing (SigTelCom)},
  pages={88--93},
  year={2017},
  organization={IEEE}
}
@article{bengio2013representation,
  title={Representation learning: A review and new perspectives},
  author={Bengio, Yoshua and Courville, Aaron and Vincent, Pascal},
  journal={IEEE transactions on pattern analysis and machine intelligence},
  volume={35},
  number={8},
  pages={1798--1828},
  year={2013},
  publisher={IEEE}
}
@article{hochreiter1997long,
  title={Long short-term memory},
  author={Hochreiter, Sepp and Schmidhuber, J{\"u}rgen},
  journal={Neural computation},
  volume={9},
  number={8},
  pages={1735--1780},
  year={1997},
  publisher={MIT Press}
}
@article{quang2016danq,
  title={DanQ: a hybrid convolutional and recurrent deep neural network for quantifying the function of DNA sequences},
  author={Quang, Daniel and Xie, Xiaohui},
  journal={Nucleic acids research},
  volume={44},
  number={11},
  pages={e107--e107},
  year={2016},
  publisher={Oxford University Press}
}
@article{quang2019factornet,
  title={FactorNet: a deep learning framework for predicting cell type specific transcription factor binding from nucleotide-resolution sequential data},
  author={Quang, Daniel and Xie, Xiaohui},
  journal={Methods},
  volume={166},
  pages={40--47},
  year={2019},
  publisher={Elsevier}
}
@inproceedings{hassanzadeh2016deeperbind,
  title={DeeperBind: Enhancing prediction of sequence specificities of DNA binding proteins},
  author={Hassanzadeh, Hamid Reza and Wang, May D},
  booktitle={2016 IEEE International Conference on Bioinformatics and Biomedicine (BIBM)},
  pages={178--183},
  year={2016},
  organization={IEEE}
}
@article{li2015human,
  title={Human enhancers are fragile and prone to deactivating mutations},
  author={Li, Shan and Ovcharenko, Ivan},
  journal={Molecular biology and evolution},
  volume={32},
  number={8},
  pages={2161--2180},
  year={2015},
  publisher={Oxford University Press}
}
@article{stormo1998information,
  title={Information content and free energy in DNA-protein interactions [1]},
  author={Stormo, Gary D},
  journal={Journal of theoretical biology},
  volume={195},
  number={1},
  pages={135--137},
  year={1998}
}
@article{schneider1990sequence,
  title={Sequence logos: a new way to display consensus sequences},
  author={Schneider, Thomas D and Stephens, R Michael},
  journal={Nucleic acids research},
  volume={18},
  number={20},
  pages={6097--6100},
  year={1990},
  publisher={Oxford University Press}
}
@article{fornes2020jaspar,
  title={JASPAR 2020: update of the open-access database of transcription factor binding profiles},
  author={Fornes, Oriol and Castro-Mondragon, Jaime A and Khan, Aziz and Van der Lee, Robin and Zhang, Xi and Richmond, Phillip A and Modi, Bhavi P and Correard, Solenne and Gheorghe, Marius and Barana{\v{s}}i{\'c}, Damir and others},
  journal={Nucleic acids research},
  volume={48},
  number={D1},
  pages={D87--D92},
  year={2020},
  publisher={Oxford University Press}
}
@article{wingender1996transfac,
  title={TRANSFAC: a database on transcription factors and their DNA binding sites},
  author={Wingender, Edgar and Dietze, Peter and Karas, Holger and Kn{\"u}ppel, Rainer},
  journal={Nucleic acids research},
  volume={24},
  number={1},
  pages={238--241},
  year={1996},
  publisher={Oxford University Press}
}
@article{wingender2000transfac,
  title={TRANSFAC: an integrated system for gene expression regulation},
  author={Wingender, Edgar and Chen, Xin and Hehl, Reinhard and Karas, Holger and Liebich, Ines and Matys, Volker and Meinhardt, T and Pr{\"u}{\ss}, M and Reuter, Ingmar and Schacherer, Frank},
  journal={Nucleic acids research},
  volume={28},
  number={1},
  pages={316--319},
  year={2000},
  publisher={Oxford University Press}
}
@article{kulakovskiy2013hocomoco,
  title={HOCOMOCO: a comprehensive collection of human transcription factor binding sites models},
  author={Kulakovskiy, Ivan V and Medvedeva, Yulia A and Schaefer, Ulf and Kasianov, Artem S and Vorontsov, Ilya E and Bajic, Vladimir B and Makeev, Vsevolod J},
  journal={Nucleic acids research},
  volume={41},
  number={D1},
  pages={D195--D202},
  year={2013},
  publisher={Oxford University Press}
}
@article{kulakovskiy2018hocomoco,
  title={HOCOMOCO: towards a complete collection of transcription factor binding models for human and mouse via large-scale ChIP-Seq analysis},
  author={Kulakovskiy, Ivan V and Vorontsov, Ilya E and Yevshin, Ivan S and Sharipov, Ruslan N and Fedorova, Alla D and Rumynskiy, Eugene I and Medvedeva, Yulia A and Magana-Mora, Arturo and Bajic, Vladimir B and Papatsenko, Dmitry A and others},
  journal={Nucleic acids research},
  volume={46},
  number={D1},
  pages={D252--D259},
  year={2018},
  publisher={Oxford University Press}
}
@article{beer2004predicting,
  title={Predicting gene expression from sequence},
  author={Beer, Michael A and Tavazoie, Saeed},
  journal={Cell},
  volume={117},
  number={2},
  pages={185--198},
  year={2004},
  publisher={Elsevier}
}
@article{zaret2016pioneer,
  title={Pioneer transcription factors, chromatin dynamics, and cell fate control},
  author={Zaret, Kenneth S and Mango, Susan E},
  journal={Current opinion in genetics \& development},
  volume={37},
  pages={76--81},
  year={2016},
  publisher={Elsevier}
}
@article{wang2012sequence,
  title={Sequence features and chromatin structure around the genomic regions bound by 119 human transcription factors},
  author={Wang, Jie and Zhuang, Jiali and Iyer, Sowmya and Lin, XinYing and Whitfield, Troy W and Greven, Melissa C and Pierce, Brian G and Dong, Xianjun and Kundaje, Anshul and Cheng, Yong and others},
  journal={Genome research},
  volume={22},
  number={9},
  pages={1798--1812},
  year={2012},
  publisher={Cold Spring Harbor Lab}
}
@article{park2020enhancing,
  title={Enhancing the interpretability of transcription factor binding site prediction using attention mechanism},
  author={Park, Sungjoon and Koh, Yookyung and Jeon, Hwisang and Kim, Hyunjae and Yeo, Yoonsun and Kang, Jaewoo},
  journal={Scientific reports},
  volume={10},
  number={1},
  pages={1--10},
  year={2020},
  publisher={Nature Publishing Group}
}
@article{koo2020deep,
  title={Deep learning for inferring transcription factor binding sites},
  author={Koo, Peter K and Ploenzke, Matt},
  journal={Current opinion in systems biology},
  volume={19},
  pages={16--23},
  year={2020},
  publisher={Elsevier}
}
@inproceedings{shrikumar2017learning,
  title={Learning important features through propagating activation differences},
  author={Shrikumar, Avanti and Greenside, Peyton and Kundaje, Anshul},
  booktitle={International conference on machine learning},
  pages={3145--3153},
  year={2017},
  organization={PMLR}
}
@article{avsec2021base,
  title={Base-resolution models of transcription-factor binding reveal soft motif syntax},
  author={Avsec, {\v{Z}}iga and Weilert, Melanie and Shrikumar, Avanti and Krueger, Sabrina and Alexandari, Amr and Dalal, Khyati and Fropf, Robin and McAnany, Charles and Gagneur, Julien and Kundaje, Anshul and others},
  journal={Nature Genetics},
  volume={53},
  number={3},
  pages={354--366},
  year={2021},
  publisher={Nature Publishing Group}
}
@article{buenrostro2013transposition,
  title={Transposition of native chromatin for fast and sensitive epigenomic profiling of open chromatin, DNA-binding proteins and nucleosome position},
  author={Buenrostro, Jason D and Giresi, Paul G and Zaba, Lisa C and Chang, Howard Y and Greenleaf, William J},
  journal={Nature methods},
  volume={10},
  number={12},
  pages={1213--1218},
  year={2013},
  publisher={Nature Publishing Group}
}
@article{john2011chromatin,
  title={Chromatin accessibility pre-determines glucocorticoid receptor binding patterns},
  author={John, Sam and Sabo, Peter J and Thurman, Robert E and Sung, Myong-Hee and Biddie, Simon C and Johnson, Thomas A and Hager, Gordon L and Stamatoyannopoulos, John A},
  journal={Nature genetics},
  volume={43},
  number={3},
  pages={264--268},
  year={2011},
  publisher={Nature Publishing Group}
}
@article{mccue2001phylogenetic,
  title={Phylogenetic footprinting of transcription factor binding sites in proteobacterial genomes},
  author={McCue, Lee Ann and Thompson, William and Carmack, C Steven and Ryan, Michael P and Liu, Jun S and Derbyshire, Victoria and Lawrence, Charles E},
  journal={Nucleic acids research},
  volume={29},
  number={3},
  pages={774--782},
  year={2001},
  publisher={Oxford University Press}
}
@article{blanchette2002discovery,
  title={Discovery of regulatory elements by a computational method for phylogenetic footprinting},
  author={Blanchette, Mathieu and Tompa, Martin},
  journal={Genome research},
  volume={12},
  number={5},
  pages={739--748},
  year={2002},
  publisher={Cold Spring Harbor Lab}
}
@article{balazadeh2011ors1,
  title={ORS1, an H2O2-responsive NAC transcription factor, controls senescence in Arabidopsis thaliana},
  author={Balazadeh, Salma and Kwasniewski, Miroslaw and Caldana, Camila and Mehrnia, Mohammad and Zanor, Mar{\'\i}a In{\'e}s and Xue, Gang-Ping and Mueller-Roeber, Bernd},
  journal={Molecular plant},
  volume={4},
  number={2},
  pages={346--360},
  year={2011},
  publisher={Elsevier}
}
@article{xu2012cis,
  title={Cis-regulatory signatures of orthologous stress-associated bZIP transcription factors from rice, sorghum and Arabidopsis based on phylogenetic footprints},
  author={Xu, Fuyu and Park, Myoung-Ryoul and Kitazumi, Ai and Herath, Venura and Mohanty, Bijayalaxmi and Yun, Song Joong and de los Reyes, Benildo G},
  journal={BMC genomics},
  volume={13},
  number={1},
  pages={1--15},
  year={2012},
  publisher={BioMed Central}
}
@article{katara2012phylogenetic,
  title={Phylogenetic footprinting: a boost for microbial regulatory genomics},
  author={Katara, Pramod and Grover, Atul and Sharma, Vinay},
  journal={Protoplasma},
  volume={249},
  number={4},
  pages={901--907},
  year={2012},
  publisher={Springer}
}
@article{glenwinkel2014targetortho,
  title={TargetOrtho: a phylogenetic footprinting tool to identify transcription factor targets},
  author={Glenwinkel, Lori and Wu, Di and Minevich, Gregory and Hobert, Oliver},
  journal={Genetics},
  volume={197},
  number={1},
  pages={61--76},
  year={2014},
  publisher={Oxford University Press}
}
@article{boeva2016analysis,
  title={Analysis of genomic sequence motifs for deciphering transcription factor binding and transcriptional regulation in eukaryotic cells},
  author={Boeva, Valentina},
  journal={Frontiers in genetics},
  volume={7},
  pages={24},
  year={2016},
  publisher={Frontiers Media SA}
}
@article{zheng2019cistrome,
  title={Cistrome Data Browser: expanded datasets and new tools for gene regulatory analysis},
  author={Zheng, Rongbin and Wan, Changxin and Mei, Shenglin and Qin, Qian and Wu, Qiu and Sun, Hanfei and Chen, Chen-Hao and Brown, Myles and Zhang, Xiaoyan and Meyer, Clifford A and others},
  journal={Nucleic acids research},
  volume={47},
  number={D1},
  pages={D729--D735},
  year={2019},
  publisher={Oxford University Press}
}
@article{kolmykov2021gtrd,
  title={GTRD: an integrated view of transcription regulation},
  author={Kolmykov, Semyon and Yevshin, Ivan and Kulyashov, Mikhail and Sharipov, Ruslan and Kondrakhin, Yury and Makeev, Vsevolod J and Kulakovskiy, Ivan V and Kel, Alexander and Kolpakov, Fedor},
  journal={Nucleic acids research},
  volume={49},
  number={D1},
  pages={D104--D111},
  year={2021},
  publisher={Oxford University Press}
}
@article{weirauch2014determination,
  title={Determination and inference of eukaryotic transcription factor sequence specificity},
  author={Weirauch, Matthew T and Yang, Ally and Albu, Mihai and Cote, Atina G and Montenegro-Montero, Alejandro and Drewe, Philipp and Najafabadi, Hamed S and Lambert, Samuel A and Mann, Ishminder and Cook, Kate and others},
  journal={Cell},
  volume={158},
  number={6},
  pages={1431--1443},
  year={2014},
  publisher={Elsevier}
}
@article{pratt2022factorbook,
  title={Factorbook: an updated catalog of transcription factor motifs and candidate regulatory motif sites},
  author={Pratt, Henry E and Andrews, Gregory R and Phalke, Nishigandha and Huey, Jack D and Purcaro, Michael J and van der Velde, Arjan and Moore, Jill E and Weng, Zhiping},
  journal={Nucleic Acids Research},
  volume={50},
  number={D1},
  pages={D141--D149},
  year={2022},
  publisher={Oxford University Press}
}
@article{puig2021unibind,
  title={UniBind: maps of high-confidence direct TF-DNA interactions across nine species},
  author={Puig, Rafael Riudavets and Boddie, Paul and Khan, Aziz and Castro-Mondragon, Jaime Abraham and Mathelier, Anthony},
  journal={BMC genomics},
  volume={22},
  number={1},
  pages={1--17},
  year={2021},
  publisher={BioMed Central}
}
@article{newburger2009uniprobe,
  title={UniPROBE: an online database of protein binding microarray data on protein--DNA interactions},
  author={Newburger, Daniel E and Bulyk, Martha L},
  journal={Nucleic acids research},
  volume={37},
  number={suppl\_1},
  pages={D77--D82},
  year={2009},
  publisher={Oxford University Press}
}
@article{bovolenta2012htridb,
  title={HTRIdb: an open-access database for experimentally verified human transcriptional regulation interactions},
  author={Bovolenta, Luiz and Acencio, Marcio and Lemke, Ney},
  journal={Nature Precedings},
  pages={1--1},
  year={2012},
  publisher={Nature Publishing Group UK London}
}
@article{huang2021tfcancer,
  title={Tfcancer: a manually curated database of transcription factors associated with human cancers},
  author={Huang, Qingqing and Tan, Zhengtang and Li, Yanjing and Wang, Wenzhu and Lang, Mei and Li, Changying and Guo, Zhiyun},
  journal={Bioinformatics},
  volume={37},
  number={22},
  pages={4288--4290},
  year={2021},
  publisher={Oxford University Press}
}
@misc{gupta2007quantifying,
  title={Quantifying similarity between motifs. Genome Biology},
  author={Gupta, S and Stamatoyannopoulos, J and Bailey, T and Stafford, W},
  year={2007},
  publisher={vol}
}
@article{mahony2007stamp,
  title={STAMP: a web tool for exploring DNA-binding motif similarities},
  author={Mahony, Shaun and Benos, Panayiotis V},
  journal={Nucleic acids research},
  volume={35},
  number={suppl\_2},
  pages={W253--W258},
  year={2007},
  publisher={Oxford University Press}
}
@article{vorontsov2013jaccard,
  title={Jaccard index based similarity measure to compare transcription factor binding site models},
  author={Vorontsov, Ilya E and Kulakovskiy, Ivan V and Makeev, Vsevolod J},
  journal={Algorithms for Molecular Biology},
  volume={8},
  number={1},
  pages={1--11},
  year={2013},
  publisher={BioMed Central}
}
@article{lambert2016motif,
  title={Motif comparison based on similarity of binding affinity profiles},
  author={Lambert, Samuel A and Albu, Mihai and Hughes, Timothy R and Najafabadi, Hamed S},
  journal={Bioinformatics},
  volume={32},
  number={22},
  pages={3504--3506},
  year={2016},
  publisher={Oxford University Press}
}
@article{ambrosini2018pwmscan,
  title={PWMScan: a fast tool for scanning entire genomes with a position-specific weight matrix},
  author={Ambrosini, Giovanna and Groux, Romain and Bucher, Philipp},
  journal={Bioinformatics},
  volume={34},
  number={14},
  pages={2483--2484},
  year={2018},
  publisher={Oxford University Press}
}
@article{frith2004detection,
  title={Detection of functional DNA motifs via statistical over-representation},
  author={Frith, Martin C and Fu, Yutao and Yu, Liqun and Chen, Jiang-Fan and Hansen, Ulla and Weng, Zhiping},
  journal={Nucleic acids research},
  volume={32},
  number={4},
  pages={1372--1381},
  year={2004},
  publisher={Oxford University Press}
}
@article{zambelli2009pscan,
  title={Pscan: finding over-represented transcription factor binding site motifs in sequences from co-regulated or co-expressed genes},
  author={Zambelli, Federico and Pesole, Graziano and Pavesi, Giulio},
  journal={Nucleic acids research},
  volume={37},
  number={suppl\_2},
  pages={W247--W252},
  year={2009},
  publisher={Oxford University Press}
}
@article{mcleay2010motif,
  title={Motif Enrichment Analysis: a unified framework and an evaluation on ChIP data},
  author={McLeay, Robert C and Bailey, Timothy L},
  journal={BMC bioinformatics},
  volume={11},
  number={1},
  pages={1--11},
  year={2010},
  publisher={BioMed Central}
}
@article{kwon2012opossum,
  title={oPOSSUM-3: advanced analysis of regulatory motif over-representation across genes or ChIP-Seq datasets},
  author={Kwon, Andrew T and Arenillas, David J and Hunt, Rebecca Worsley and Wasserman, Wyeth W},
  journal={G3: Genes| Genomes| Genetics},
  volume={2},
  number={9},
  pages={987--1002},
  year={2012},
  publisher={Oxford University Press}
}
@article{pinello2018haystack,
  title={Haystack: systematic analysis of the variation of epigenetic states and cell-type specific regulatory elements},
  author={Pinello, Luca and Farouni, Rick and Yuan, Guo-Cheng},
  journal={Bioinformatics},
  volume={34},
  number={11},
  pages={1930--1933},
  year={2018},
  publisher={Oxford University Press}
}
@article{wienert2015editing,
  title={Editing the genome to introduce a beneficial naturally occurring mutation associated with increased fetal globin},
  author={Wienert, Beeke and Funnell, Alister PW and Norton, Laura J and Pearson, Richard CM and Wilkinson-White, Lorna E and Lester, Krystal and Vadolas, Jim and Porteus, Matthew H and Matthews, Jacqueline M and Quinlan, Kate GR and others},
  journal={Nature communications},
  volume={6},
  number={1},
  pages={7085},
  year={2015},
  publisher={Nature Publishing Group}
}
@article{lee2015method,
  title={A method to predict the impact of regulatory variants from DNA sequence},
  author={Lee, Dongwon and Gorkin, David U and Baker, Maggie and Strober, Benjamin J and Asoni, Alessandro L and McCallion, Andrew S and Beer, Michael A},
  journal={Nature genetics},
  volume={47},
  number={8},
  pages={955--961},
  year={2015},
  publisher={Nature Publishing Group}
}
@article{shrikumar2019gkmexplain,
  title={GkmExplain: fast and accurate interpretation of nonlinear gapped k-mer SVMs},
  author={Shrikumar, Avanti and Prakash, Eva and Kundaje, Anshul},
  journal={Bioinformatics},
  volume={35},
  number={14},
  pages={i173--i182},
  year={2019},
  publisher={Oxford University Press}
}
@article{avsec2021effective,
  title={Effective gene expression prediction from sequence by integrating long-range interactions},
  author={Avsec, {\v{Z}}iga and Agarwal, Vikram and Visentin, Daniel and Ledsam, Joseph R and Grabska-Barwinska, Agnieszka and Taylor, Kyle R and Assael, Yannis and Jumper, John and Kohli, Pushmeet and Kelley, David R},
  journal={Nature methods},
  volume={18},
  number={10},
  pages={1196--1203},
  year={2021},
  publisher={Nature Publishing Group}
}
@article{vorontsov2016negative,
  title={Negative selection maintains transcription factor binding motifs in human cancer},
  author={Vorontsov, Ilya E and Khimulya, Grigory and Lukianova, Elena N and Nikolaeva, Daria D and Eliseeva, Irina A and Kulakovskiy, Ivan V and Makeev, Vsevolod J},
  journal={BMC genomics},
  volume={17},
  pages={263--276},
  year={2016},
  publisher={Springer}
}
@article{groza2020personalized,
  title={Personalized and graph genomes reveal missing signal in epigenomic data},
  author={Groza, Cristian and Kwan, Tony and Soranzo, Nicole and Pastinen, Tomi and Bourque, Guillaume},
  journal={Genome biology},
  volume={21},
  number={1},
  pages={1--22},
  year={2020},
  publisher={BioMed Central}
}
@article{zheng2017alignment,
  title={Alignment of 1000 Genomes Project reads to reference assembly GRCh38},
  author={Zheng-Bradley, Xiangqun and Streeter, Ian and Fairley, Susan and Richardson, David and Clarke, Laura and Flicek, Paul and 1000 Genomes Project Consortium},
  journal={Gigascience},
  volume={6},
  number={7},
  pages={gix038},
  year={2017},
  publisher={Oxford University Press}
}
@article{novak2017graph,
  title={A graph extension of the positional Burrows--Wheeler transform and its applications},
  author={Novak, Adam M and Garrison, Erik and Paten, Benedict},
  journal={Algorithms for Molecular Biology},
  volume={12},
  number={1},
  pages={1--12},
  year={2017},
  publisher={BioMed Central}
}
@article{lee2020ucsc,
  title={UCSC Genome Browser enters 20th year},
  author={Lee, Christopher M and Barber, Galt P and Casper, Jonathan and Clawson, Hiram and Diekhans, Mark and Gonzalez, Jairo Navarro and Hinrichs, Angie S and Lee, Brian T and Nassar, Luis R and Powell, Conner C and others},
  journal={Nucleic acids research},
  volume={48},
  number={D1},
  pages={D756--D761},
  year={2020},
  publisher={Oxford University Press}
}
@article{landrum2020clinvar,
  title={ClinVar: improvements to accessing data},
  author={Landrum, Melissa J and Chitipiralla, Shanmuga and Brown, Garth R and Chen, Chao and Gu, Baoshan and Hart, Jennifer and Hoffman, Douglas and Jang, Wonhee and Kaur, Kuljeet and Liu, Chunlei and others},
  journal={Nucleic acids research},
  volume={48},
  number={D1},
  pages={D835--D844},
  year={2020},
  publisher={Oxford University Press}
}
@article{anzalone2020genome,
  title={Genome editing with CRISPR--Cas nucleases, base editors, transposases and prime editors},
  author={Anzalone, Andrew V and Koblan, Luke W and Liu, David R},
  journal={Nature biotechnology},
  volume={38},
  number={7},
  pages={824--844},
  year={2020},
  publisher={Nature Publishing Group}
}
@article{lowy2019variant,
  title={Variant calling on the GRCh38 assembly with the data from phase three of the 1000 Genomes Project},
  author={Lowy-Gallego, Ernesto and Fairley, Susan and Zheng-Bradley, Xiangqun and Ruffier, Magali and Clarke, Laura and Flicek, Paul and 1000 Genomes Project Consortium and others},
  journal={Wellcome Open Research},
  volume={4},
  year={2019},
  publisher={The Wellcome Trust}
}
@article{frankish2019gencode,
  title={GENCODE reference annotation for the human and mouse genomes},
  author={Frankish, Adam and Diekhans, Mark and Ferreira, Anne-Maud and Johnson, Rory and Jungreis, Irwin and Loveland, Jane and Mudge, Jonathan M and Sisu, Cristina and Wright, James and Armstrong, Joel and others},
  journal={Nucleic acids research},
  volume={47},
  number={D1},
  pages={D766--D773},
  year={2019},
  publisher={Oxford University Press}
}
@article{corces2016lineage,
  title={Lineage-specific and single-cell chromatin accessibility charts human hematopoiesis and leukemia evolution},
  author={Corces, M Ryan and Buenrostro, Jason D and Wu, Beijing and Greenside, Peyton G and Chan, Steven M and Koenig, Julie L and Snyder, Michael P and Pritchard, Jonathan K and Kundaje, Anshul and Greenleaf, William J and others},
  journal={Nature genetics},
  volume={48},
  number={10},
  pages={1193--1203},
  year={2016},
  publisher={Nature Publishing Group US}
}
@article{fu2013high,
  title={High-frequency off-target mutagenesis induced by CRISPR-Cas nucleases in human cells},
  author={Fu, Yanfang and Foden, Jennifer A and Khayter, Cyd and Maeder, Morgan L and Reyon, Deepak and Joung, J Keith and Sander, Jeffry D},
  journal={Nature biotechnology},
  volume={31},
  number={9},
  pages={822--826},
  year={2013},
  publisher={Nature Publishing Group}
}
@article{akcakaya2018vivo,
  title={In vivo CRISPR editing with no detectable genome-wide off-target mutations},
  author={Akcakaya, Pinar and Bobbin, Maggie L and Guo, Jimmy A and Malagon-Lopez, Jose and Clement, Kendell and Garcia, Sara P and Fellows, Mick D and Porritt, Michelle J and Firth, Mike A and Carreras, Alba and others},
  journal={Nature},
  volume={561},
  number={7723},
  pages={416--419},
  year={2018},
  publisher={Nature Publishing Group}
}
@article{smith2014whole,
  title={Whole-genome sequencing analysis reveals high specificity of CRISPR/Cas9 and TALEN-based genome editing in human iPSCs},
  author={Smith, Cory and Gore, Athurva and Yan, Wei and Abalde-Atristain, Leire and Li, Zhe and He, Chaoxia and Wang, Ying and Brodsky, Robert A and Zhang, Kun and Cheng, Linzhao and others},
  journal={Cell stem cell},
  volume={15},
  number={1},
  pages={12--13},
  year={2014},
  publisher={Elsevier}
}
@article{veres2014low,
  title={Low incidence of off-target mutations in individual CRISPR-Cas9 and TALEN targeted human stem cell clones detected by whole-genome sequencing},
  author={Veres, Adrian and Gosis, Bridget S and Ding, Qiurong and Collins, Ryan and Ragavendran, Ashok and Brand, Harrison and Erdin, Serkan and Cowan, Chad A and Talkowski, Michael E and Musunuru, Kiran},
  journal={Cell stem cell},
  volume={15},
  number={1},
  pages={27--30},
  year={2014},
  publisher={Elsevier}
}
@article{petrackova2019standardization,
  title={Standardization of sequencing coverage depth in NGS: recommendation for detection of clonal and subclonal mutations in cancer diagnostics},
  author={Petrackova, Anna and Vasinek, Michal and Sedlarikova, Lenka and Dyskova, Tereza and Schneiderova, Petra and Novosad, Tomas and Papajik, Tomas and Kriegova, Eva},
  journal={Frontiers in oncology},
  volume={9},
  pages={851},
  year={2019},
  publisher={Frontiers Media SA}
}
@article{fu2014improving,
  title={Improving CRISPR-Cas nuclease specificity using truncated guide RNAs},
  author={Fu, Yanfang and Sander, Jeffry D and Reyon, Deepak and Cascio, Vincent M and Joung, J Keith},
  journal={Nature biotechnology},
  volume={32},
  number={3},
  pages={279--284},
  year={2014},
  publisher={Nature Publishing Group}
}
@article{zook2016extensive,
  title={Extensive sequencing of seven human genomes to characterize benchmark reference materials},
  author={Zook, Justin M and Catoe, David and McDaniel, Jennifer and Vang, Lindsay and Spies, Noah and Sidow, Arend and Weng, Ziming and Liu, Yuling and Mason, Christopher E and Alexander, Noah and others},
  journal={Scientific data},
  volume={3},
  number={1},
  pages={1--26},
  year={2016},
  publisher={Nature Publishing Group}
}
@article{mckenna2010genome,
  title={The Genome Analysis Toolkit: a MapReduce framework for analyzing next-generation DNA sequencing data},
  author={McKenna, Aaron and Hanna, Matthew and Banks, Eric and Sivachenko, Andrey and Cibulskis, Kristian and Kernytsky, Andrew and Garimella, Kiran and Altshuler, David and Gabriel, Stacey and Daly, Mark and others},
  journal={Genome research},
  volume={20},
  number={9},
  pages={1297--1303},
  year={2010},
  publisher={Cold Spring Harbor Lab}
}
@article{kim2018strelka2,
  title={Strelka2: fast and accurate calling of germline and somatic variants},
  author={Kim, Sangtae and Scheffler, Konrad and Halpern, Aaron L and Bekritsky, Mitchell A and Noh, Eunho and K{\"a}llberg, Morten and Chen, Xiaoyu and Kim, Yeonbin and Beyter, Doruk and Krusche, Peter and others},
  journal={Nature methods},
  volume={15},
  number={8},
  pages={591--594},
  year={2018},
  publisher={Nature Publishing Group US}
}
@article{koboldt2012varscan,
  title={VarScan 2: somatic mutation and copy number alteration discovery in cancer by exome sequencing},
  author={Koboldt, Daniel C and Zhang, Qunyuan and Larson, David E and Shen, Dong and McLellan, Michael D and Lin, Ling and Miller, Christopher A and Mardis, Elaine R and Ding, Li and Wilson, Richard K},
  journal={Genome research},
  volume={22},
  number={3},
  pages={568--576},
  year={2012},
  publisher={Cold Spring Harbor Lab}
}
@article{thiffault2019clinical,
  title={Clinical genome sequencing in an unbiased pediatric cohort},
  author={Thiffault, Isabelle and Farrow, Emily and Zellmer, Lee and Berrios, Courtney and Miller, Neil and Gibson, Margaret and Caylor, Raymond and Jenkins, Janda and Faller, Deb and Soden, Sarah and others},
  journal={Genetics in Medicine},
  volume={21},
  number={2},
  pages={303--310},
  year={2019},
  publisher={Elsevier}
}
@article{sun2021characterizing,
  title={Characterizing sensitivity and coverage of clinical WGS as a diagnostic test for genetic disorders},
  author={Sun, Yan and Liu, Fengxia and Fan, Chunna and Wang, Yaoshen and Song, Lijie and Fang, Zhonghai and Han, Rui and Wang, Zhonghua and Wang, Xiaodan and Yang, Ziying and others},
  journal={BMC medical genomics},
  volume={14},
  pages={1--13},
  year={2021},
  publisher={Springer}
}
@article{ma2017crispr,
  title={CRISPR/Cas9 screens reveal Epstein-Barr virus-transformed B cell host dependency factors},
  author={Ma, Yijie and Walsh, Michael J and Bernhardt, Katharina and Ashbaugh, Camille W and Trudeau, Stephen J and Ashbaugh, Isabelle Y and Jiang, Sizun and Jiang, Chang and Zhao, Bo and Root, David E and others},
  journal={Cell host \& microbe},
  volume={21},
  number={5},
  pages={580--591},
  year={2017},
  publisher={Elsevier}
}
@article{pedersen2018mosdepth,
  title={Mosdepth: quick coverage calculation for genomes and exomes},
  author={Pedersen, Brent S and Quinlan, Aaron R},
  journal={Bioinformatics},
  volume={34},
  number={5},
  pages={867--868},
  year={2018},
  publisher={Oxford University Press}
}
@article{tsai2017circle,
  title={CIRCLE-seq: a highly sensitive in vitro screen for genome-wide CRISPR--Cas9 nuclease off-targets},
  author={Tsai, Shengdar Q and Nguyen, Nhu T and Malagon-Lopez, Jose and Topkar, Ved V and Aryee, Martin J and Joung, J Keith},
  journal={Nature methods},
  volume={14},
  number={6},
  pages={607--614},
  year={2017},
  publisher={Nature Publishing Group}
}
@article{bae2014cas,
  title={Cas-OFFinder: a fast and versatile algorithm that searches for potential off-target sites of Cas9 RNA-guided endonucleases},
  author={Bae, Sangsu and Park, Jeongbin and Kim, Jin-Soo},
  journal={Bioinformatics},
  volume={30},
  number={10},
  pages={1473--1475},
  year={2014},
  publisher={Oxford University Press}
}
@article{clement2019crispresso2,
  title={CRISPResso2 provides accurate and rapid genome editing sequence analysis},
  author={Clement, Kendell and Rees, Holly and Canver, Matthew C and Gehrke, Jason M and Farouni, Rick and Hsu, Jonathan Y and Cole, Mitchel A and Liu, David R and Joung, J Keith and Bauer, Daniel E and others},
  journal={Nature biotechnology},
  volume={37},
  number={3},
  pages={224--226},
  year={2019},
  publisher={Nature Publishing Group}
}
@article{nobles2019iguide,
  title={iGUIDE: an improved pipeline for analyzing CRISPR cleavage specificity},
  author={Nobles, Christopher L and Reddy, Shantan and Salas-McKee, January and Liu, Xiaojun and June, Carl H and Melenhorst, J Joseph and Davis, Megan M and Zhao, Yangbing and Bushman, Frederic D},
  journal={Genome biology},
  volume={20},
  pages={1--6},
  year={2019},
  publisher={Springer}
}
@article{tam2019benefits,
  title={Benefits and limitations of genome-wide association studies},
  author={Tam, Vivian and Patel, Nikunj and Turcotte, Michelle and Boss{\'e}, Yohan and Par{\'e}, Guillaume and Meyre, David},
  journal={Nature Reviews Genetics},
  volume={20},
  number={8},
  pages={467--484},
  year={2019},
  publisher={Nature Publishing Group UK London}
}
@article{bycroft2018uk,
  title={The UK Biobank resource with deep phenotyping and genomic data},
  author={Bycroft, Clare and Freeman, Colin and Petkova, Desislava and Band, Gavin and Elliott, Lloyd T and Sharp, Kevin and Motyer, Allan and Vukcevic, Damjan and Delaneau, Olivier and O’Connell, Jared and others},
  journal={Nature},
  volume={562},
  number={7726},
  pages={203--209},
  year={2018},
  publisher={Nature Publishing Group}
}
@article{gasperini2016power,
  title={The power of multiplexed functional analysis of genetic variants},
  author={Gasperini, Molly and Starita, Lea and Shendure, Jay},
  journal={Nature protocols},
  volume={11},
  number={10},
  pages={1782--1787},
  year={2016},
  publisher={Nature Publishing Group}
}
@article{araya2011deep,
  title={Deep mutational scanning: assessing protein function on a massive scale},
  author={Araya, Carlos L and Fowler, Douglas M},
  journal={Trends in biotechnology},
  volume={29},
  number={9},
  pages={435--442},
  year={2011},
  publisher={Elsevier}
}
@article{myers1986fine,
  title={Fine structure genetic analysis of a $\beta$-globin promoter},
  author={Myers, Richard M and Tilly, Kit and Maniatis, Tom},
  journal={Science},
  volume={232},
  number={4750},
  pages={613--618},
  year={1986},
  publisher={American Association for the Advancement of Science}
}
@article{inoue2015decoding,
  title={Decoding enhancers using massively parallel reporter assays},
  author={Inoue, Fumitaka and Ahituv, Nadav},
  journal={Genomics},
  volume={106},
  number={3},
  pages={159--164},
  year={2015},
  publisher={Elsevier}
}
@article{bock2022high,
  title={High-content CRISPR screening},
  author={Bock, Christoph and Datlinger, Paul and Chardon, Florence and Coelho, Matthew A and Dong, Matthew B and Lawson, Keith A and Lu, Tian and Maroc, Laetitia and Norman, Thomas M and Song, Bicna and others},
  journal={Nature Reviews Methods Primers},
  volume={2},
  number={1},
  pages={8},
  year={2022},
  publisher={Nature Publishing Group}
}
@article{shalem2014genome,
  title={Genome-scale CRISPR-Cas9 knockout screening in human cells},
  author={Shalem, Ophir and Sanjana, Neville E and Hartenian, Ella and Shi, Xi and Scott, David A and Mikkelsen, Tarjei S and Heckl, Dirk and Ebert, Benjamin L and Root, David E and Doench, John G and others},
  journal={Science},
  volume={343},
  number={6166},
  pages={84--87},
  year={2014},
  publisher={American Association for the Advancement of Science}
}
@article{wang2014genetic,
  title={Genetic screens in human cells using the CRISPR-Cas9 system},
  author={Wang, Tim and Wei, Jenny J and Sabatini, David M and Lander, Eric S},
  journal={Science},
  volume={343},
  number={6166},
  pages={80--84},
  year={2014},
  publisher={American Association for the Advancement of Science}
}
@article{komor2016programmable,
  title={Programmable editing of a target base in genomic DNA without double-stranded DNA cleavage},
  author={Komor, Alexis C and Kim, Yongjoo B and Packer, Michael S and Zuris, John A and Liu, David R},
  journal={Nature},
  volume={533},
  number={7603},
  pages={420--424},
  year={2016},
  publisher={Nature Publishing Group}
}
@article{gaudelli2017programmable,
  title={Programmable base editing of A• T to G• C in genomic DNA without DNA cleavage},
  author={Gaudelli, Nicole M and Komor, Alexis C and Rees, Holly A and Packer, Michael S and Badran, Ahmed H and Bryson, David I and Liu, David R},
  journal={Nature},
  volume={551},
  number={7681},
  pages={464--471},
  year={2017},
  publisher={Nature Publishing Group}
}
@article{rees2018base,
  title={Base editing: precision chemistry on the genome and transcriptome of living cells},
  author={Rees, Holly A and Liu, David R},
  journal={Nature reviews genetics},
  volume={19},
  number={12},
  pages={770--788},
  year={2018},
  publisher={Nature Publishing Group UK London}
}
@article{hanna2021massively,
  title={Massively parallel assessment of human variants with base editor screens},
  author={Hanna, Ruth E and Hegde, Mudra and Fagre, Christian R and DeWeirdt, Peter C and Sangree, Annabel K and Szegletes, Zsofia and Griffith, Audrey and Feeley, Marissa N and Sanson, Kendall R and Baidi, Yossef and others},
  journal={Cell},
  volume={184},
  number={4},
  pages={1064--1080},
  year={2021},
  publisher={Elsevier}
}
@article{morris2023discovery,
  title={Discovery of target genes and pathways at GWAS loci by pooled single-cell CRISPR screens},
  author={Morris, John A and Caragine, Christina and Daniloski, Zharko and Domingo, J{\'u}lia and Barry, Timothy and Lu, Lu and Davis, Kyrie and Ziosi, Marcello and Glinos, Dafni A and Hao, Stephanie and others},
  journal={Science},
  volume={380},
  number={6646},
  pages={eadh7699},
  year={2023},
  publisher={American Association for the Advancement of Science}
}
@article{martin2023massively,
  title={Massively parallel base editing to map variant effects in human hematopoiesis},
  author={Martin-Rufino, Jorge D and Castano, Nicole and Pang, Michael and Grody, Emanuelle I and Joubran, Samantha and Caulier, Alexis and Wahlster, Lara and Li, Tongqing and Qiu, Xiaojie and Riera-Escandell, Anna Maria and others},
  journal={Cell},
  volume={186},
  number={11},
  pages={2456--2474},
  year={2023},
  publisher={Elsevier}
}
@article{cuella2021functional,
  title={Functional interrogation of DNA damage response variants with base editing screens},
  author={Cuella-Martin, Raquel and Hayward, Samuel B and Fan, Xiao and Chen, Xiao and Huang, Jen-Wei and Taglialatela, Angelo and Leuzzi, Giuseppe and Zhao, Junfei and Rabadan, Raul and Lu, Chao and others},
  journal={Cell},
  volume={184},
  number={4},
  pages={1081--1097},
  year={2021},
  publisher={Elsevier}
}
@article{pablo2023scanning,
  title={Scanning mutagenesis of the voltage-gated sodium channel NaV1. 2 using base editing},
  author={Pablo, Juan Lorenzo B and Cornett, Savannah L and Wang, Lei A and Jo, Sooyeon and Br{\"u}nger, Tobias and Budnik, Nikita and Hegde, Mudra and DeKeyser, Jean-Marc and Thompson, Christopher H and Doench, John G and others},
  journal={Cell Reports},
  volume={42},
  number={6},
  year={2023},
  publisher={Elsevier}
}
@article{coelho2023base,
  title={Base editing screens map mutations affecting interferon-$\gamma$ signaling in cancer},
  author={Coelho, Matthew A and Cooper, Sarah and Strauss, Magdalena E and Karakoc, Emre and Bhosle, Shriram and Gon{\c{c}}alves, Emanuel and Picco, Gabriele and Burgold, Thomas and Cattaneo, Chiara M and Veninga, Vivien and others},
  journal={Cancer Cell},
  volume={41},
  number={2},
  pages={288--303},
  year={2023},
  publisher={Elsevier}
}
@article{cheng2021single,
  title={Single-nucleotide-level mapping of DNA regulatory elements that control fetal hemoglobin expression},
  author={Cheng, Li and Li, Yichao and Qi, Qian and Xu, Peng and Feng, Ruopeng and Palmer, Lance and Chen, Jingjing and Wu, Ruiqiong and Yee, Tiffany and Zhang, Jingjing and others},
  journal={Nature genetics},
  volume={53},
  number={6},
  pages={869--880},
  year={2021},
  publisher={Nature Publishing Group US New York}
}
@article{sanchez2022base,
  title={Base editing sensor libraries for high-throughput engineering and functional analysis of cancer-associated single nucleotide variants},
  author={S{\'a}nchez-Rivera, Francisco J and Diaz, Bianca J and Kastenhuber, Edward R and Schmidt, Henri and Katti, Alyna and Kennedy, Margaret and Tem, Vincent and Ho, Yu-Jui and Leibold, Josef and Paffenholz, Stella V and others},
  journal={Nature biotechnology},
  volume={40},
  number={6},
  pages={862--873},
  year={2022},
  publisher={Nature Publishing Group US New York}
}
@article{kim2022high,
  title={High-throughput functional evaluation of human cancer-associated mutations using base editors},
  author={Kim, Younggwang and Lee, Seungho and Cho, Soohyuk and Park, Jinman and Chae, Dongwoo and Park, Taeyoung and Minna, John D and Kim, Hyongbum Henry},
  journal={Nature biotechnology},
  volume={40},
  number={6},
  pages={874--884},
  year={2022},
  publisher={Nature Publishing Group US New York}
}
@article{kweon2020crispr,
  title={A CRISPR-based base-editing screen for the functional assessment of BRCA1 variants},
  author={Kweon, Jiyeon and Jang, An-Hee and Shin, Ha Rim and See, Ji-Eun and Lee, Woochang and Lee, Jong Won and Chang, Suhwan and Kim, Kyunggon and Kim, Yongsub},
  journal={Oncogene},
  volume={39},
  number={1},
  pages={30--35},
  year={2020},
  publisher={Nature Publishing Group UK London}
}
@article{huang2021identification,
  title={Identification of pathogenic variants in cancer genes using base editing screens with editing efficiency correction},
  author={Huang, Changcai and Li, Guangyu and Wu, Jiayu and Liang, Junbo and Wang, Xiaoyue},
  journal={Genome Biology},
  volume={22},
  pages={1--25},
  year={2021},
  publisher={Springer}
}
@article{sangree2022benchmarking,
  title={Benchmarking of SpCas9 variants enables deeper base editor screens of BRCA1 and BCL2},
  author={Sangree, Annabel K and Griffith, Audrey L and Szegletes, Zsofia M and Roy, Priyanka and DeWeirdt, Peter C and Hegde, Mudra and McGee, Abby V and Hanna, Ruth E and Doench, John G},
  journal={Nature Communications},
  volume={13},
  number={1},
  pages={1318},
  year={2022},
  publisher={Nature Publishing Group}
}
@article{lue2023base,
  title={Base editor scanning charts the DNMT3A activity landscape},
  author={Lue, Nicholas Z and Garcia, Emma M and Ngan, Kevin C and Lee, Ceejay and Doench, John G and Liau, Brian B},
  journal={Nature Chemical Biology},
  volume={19},
  number={2},
  pages={176--186},
  year={2023},
  publisher={Nature Publishing Group}
}
@article{despres2020perturbing,
  title={Perturbing proteomes at single residue resolution using base editing},
  author={Despr{\'e}s, Philippe C and Dub{\'e}, Alexandre K and Seki, Motoaki and Yachie, Nozomu and Landry, Christian R},
  journal={Nature communications},
  volume={11},
  number={1},
  pages={1871},
  year={2020},
  publisher={Nature Publishing Group}
}
@article{garcia2023base,
  title={Base editor scanning reveals activating mutations of DNMT3A},
  author={Garcia, Emma M and Lue, Nicholas Z and Liang, Jessica K and Lieberman, Whitney K and Hwang, Derek D and Woods, James C and Liau, Brian B},
  journal={ACS Chemical Biology},
  year={2023},
  publisher={ACS Publications}
}
@article{arbab2020determinants,
  title={Determinants of base editing outcomes from target library analysis and machine learning},
  author={Arbab, Mandana and Shen, Max W and Mok, Beverly and Wilson, Christopher and Matuszek, {\.Z}aneta and Cassa, Christopher A and Liu, David R},
  journal={Cell},
  volume={182},
  number={2},
  pages={463--480},
  year={2020},
  publisher={Elsevier}
}
@article{graham2021power,
  title={The power of genetic diversity in genome-wide association studies of lipids},
  author={Graham, Sarah E and Clarke, Shoa L and Wu, Kuan-Han H and Kanoni, Stavroula and Zajac, Greg JM and Ramdas, Shweta and Surakka, Ida and Ntalla, Ioanna and Vedantam, Sailaja and Winkler, Thomas W and others},
  journal={Nature},
  volume={600},
  number={7890},
  pages={675--679},
  year={2021},
  publisher={Nature Publishing Group}
}
@article{wang2022epic,
  title={EPIC: Inferring relevant cell types for complex traits by integrating genome-wide association studies and single-cell RNA sequencing},
  author={Wang, Rujin and Lin, Dan-Yu and Jiang, Yuchao},
  journal={PLoS genetics},
  volume={18},
  number={6},
  pages={e1010251},
  year={2022},
  publisher={Public Library of Science}
}
@article{finucane2018heritability,
  title={Heritability enrichment of specifically expressed genes identifies disease-relevant tissues and cell types},
  author={Finucane, Hilary K and Reshef, Yakir A and Anttila, Verneri and Slowikowski, Kamil and Gusev, Alexander and Byrnes, Andrea and Gazal, Steven and Loh, Po-Ru and Lareau, Caleb and Shoresh, Noam and others},
  journal={Nature genetics},
  volume={50},
  number={4},
  pages={621--629},
  year={2018},
  publisher={Nature Publishing Group}
}
@article{bouhairie2015familial,
  title={Familial hypercholesterolemia},
  author={Bouhairie, Victoria Enchia and Goldberg, Anne Carol},
  journal={Cardiology clinics},
  volume={33},
  number={2},
  pages={169--179},
  year={2015},
  publisher={Elsevier}
}
@article{brown1984ldl,
  title={How LDL receptors influence cholesterol and atherosclerosis},
  author={Brown, Michael S and Goldstein, Joseph L},
  journal={Scientific American},
  volume={251},
  number={5},
  pages={58--69},
  year={1984},
  publisher={JSTOR}
}
@article{mundal2018impact,
  title={Impact of age on excess risk of coronary heart disease in patients with familial hypercholesterolaemia},
  author={Mundal, Liv J and Igland, Jannicke and Veier{\o}d, Marit B and Holven, Kirsten Bj{\o}rklund and Ose, Leiv and Selmer, Randi Marie and Wisloff, Torbjorn and Kristiansen, Ivar S and Tell, Grethe S and Leren, Trond P and others},
  journal={Heart},
  volume={104},
  number={19},
  pages={1600--1607},
  year={2018},
  publisher={BMJ Publishing Group Ltd and British Cardiovascular Society}
}
@article{hamilton2023systematic,
  title={Systematic elucidation of genetic mechanisms underlying cholesterol uptake},
  author={Hamilton, Marisa C and Fife, James D and Akinci, Ersin and Yu, Tian and Khowpinitchai, Benyapa and Cha, Minsun and Barkal, Sammy and Thi, Thi Tun and Yeo, Grace HT and Barroso, Juan Pablo Ramos and others},
  journal={Cell Genomics},
  volume={3},
  number={5},
  year={2023},
  publisher={Elsevier}
}
@inproceedings{spady1992hepatic,
  title={Hepatic clearance of plasma low density lipoproteins},
  author={Spady, David K},
  booktitle={Seminars in liver disease},
  volume={12},
  number={04},
  pages={373--385},
  year={1992},
}
@article{richter2020phage,
  title={Phage-assisted evolution of an adenine base editor with improved Cas domain compatibility and activity},
  author={Richter, Michelle F and Zhao, Kevin T and Eton, Elliot and Lapinaite, Audrone and Newby, Gregory A and Thuronyi, Benjamin W and Wilson, Christopher and Koblan, Luke W and Zeng, Jing and Bauer, Daniel E and others},
  journal={Nature biotechnology},
  volume={38},
  number={7},
  pages={883--891},
  year={2020},
  publisher={Nature Publishing Group US New York}
}
@article{shin2021small,
  title={Small-molecule inhibitors of histone deacetylase improve CRISPR-based adenine base editing},
  author={Shin, Ha Rim and See, Ji-Eun and Kweon, Jiyeon and Kim, Heon Seok and Sung, Gi-Jun and Park, Sojung and Jang, An-Hee and Jang, Gayoung and Choi, Kyung-Chul and Kim, Inki and others},
  journal={Nucleic Acids Research},
  volume={49},
  number={4},
  pages={2390--2399},
  year={2021},
  publisher={Oxford University Press}
}
@article{yang2023hmgn1,
  title={HMGN1 enhances CRISPR-directed dual-function A-to-G and C-to-G base editing},
  author={Yang, Chao and Ma, Zhenzhen and Wang, Keshan and Dong, Xingxiao and Huang, Meiyu and Li, Yaqiu and Zhu, Xiagu and Li, Ju and Cheng, Zhihui and Bi, Changhao and others},
  journal={Nature Communications},
  volume={14},
  number={1},
  pages={2430},
  year={2023},
  publisher={Nature Publishing Group UK London}
}
@article{klimentidis2020phenotypic,
  title={Phenotypic and genetic characterization of lower LDL cholesterol and increased type 2 diabetes risk in the UK Biobank},
  author={Klimentidis, Yann C and Arora, Amit and Newell, Michelle and Zhou, Jin and Ordovas, Jose M and Renquist, Benjamin J and Wood, Alexis C},
  journal={Diabetes},
  volume={69},
  number={10},
  pages={2194--2205},
  year={2020},
  publisher={Am Diabetes Assoc}
}
@article{wang2020simple,
  title={A simple new approach to variable selection in regression, with application to genetic fine mapping},
  author={Wang, Gao and Sarkar, Abhishek and Carbonetto, Peter and Stephens, Matthew},
  journal={Journal of the Royal Statistical Society Series B: Statistical Methodology},
  volume={82},
  number={5},
  pages={1273--1300},
  year={2020},
  publisher={Oxford University Press}
}
@article{weissbrod2020functionally,
  title={Functionally informed fine-mapping and polygenic localization of complex trait heritability},
  author={Weissbrod, Omer and Hormozdiari, Farhad and Benner, Christian and Cui, Ran and Ulirsch, Jacob and Gazal, Steven and Schoech, Armin P and Van De Geijn, Bryce and Reshef, Yakir and M{\'a}rquez-Luna, Carla and others},
  journal={Nature genetics},
  volume={52},
  number={12},
  pages={1355--1363},
  year={2020},
  publisher={Nature Publishing Group US New York}
}
@article{emmer2021genome,
  title={Genome-scale CRISPR screening for modifiers of cellular LDL uptake},
  author={Emmer, Brian T and Sherman, Emily J and Lascuna, Paul J and Graham, Sarah E and Willer, Cristen J and Ginsburg, David},
  journal={PLoS Genetics},
  volume={17},
  number={1},
  pages={e1009285},
  year={2021},
  publisher={Public Library of Science San Francisco, CA USA}
}
@article{arbab2023base,
  title={Base editing rescue of spinal muscular atrophy in cells and in mice},
  author={Arbab, Mandana and Matuszek, Zaneta and Kray, Kaitlyn M and Du, Ailing and Newby, Gregory A and Blatnik, Anton J and Raguram, Aditya and Richter, Michelle F and Zhao, Kevin T and Levy, Jonathan M and others},
  journal={Science},
  volume={380},
  number={6642},
  pages={eadg6518},
  year={2023},
  publisher={American Association for the Advancement of Science}
}
@article{schep2021impact,
  title={Impact of chromatin context on Cas9-induced DNA double-strand break repair pathway balance},
  author={Schep, Ruben and Brinkman, Eva K and Leemans, Christ and Vergara, Xabier and van der Weide, Robin H and Morris, Ben and van Schaik, Tom and Manzo, Stefano G and Peric-Hupkes, Daniel and van den Berg, Jeroen and others},
  journal={Molecular cell},
  volume={81},
  number={10},
  pages={2216--2230},
  year={2021},
  publisher={Elsevier}
}
@article{ding2019improving,
  title={Improving CRISPR-Cas9 genome editing efficiency by fusion with chromatin-modulating peptides},
  author={Ding, Xiao and Seebeck, Timothy and Feng, Yongmei and Jiang, Yanfang and Davis, Gregory D and Chen, Fuqiang},
  journal={The CRISPR journal},
  volume={2},
  number={1},
  pages={51--63},
  year={2019},
  publisher={Mary Ann Liebert, Inc., publishers 140 Huguenot Street, 3rd Floor New~…}
}
@article{liu2019modulating,
  title={Modulating chromatin accessibility by transactivation and targeting proximal dsgRNAs enhances Cas9 editing efficiency in vivo},
  author={Liu, Guanwen and Yin, Kangquan and Zhang, Qianwei and Gao, Caixia and Qiu, Jin-Long},
  journal={Genome biology},
  volume={20},
  pages={1--11},
  year={2019},
  publisher={Springer}
}
@article{li2014mageck,
  title={MAGeCK enables robust identification of essential genes from genome-scale CRISPR/Cas9 knockout screens},
  author={Li, Wei and Xu, Han and Xiao, Tengfei and Cong, Le and Love, Michael I and Zhang, Feng and Irizarry, Rafael A and Liu, Jun S and Brown, Myles and Liu, X Shirley},
  journal={Genome biology},
  volume={15},
  number={12},
  pages={1--12},
  year={2014},
  publisher={BioMed Central}
}
@article{li2015quality,
  title={Quality control, modeling, and visualization of CRISPR screens with MAGeCK-VISPR},
  author={Li, Wei and K{\"o}ster, Johannes and Xu, Han and Chen, Chen-Hao and Xiao, Tengfei and Liu, Jun S and Brown, Myles and Liu, X Shirley},
  journal={Genome biology},
  volume={16},
  pages={1--13},
  year={2015},
  publisher={Springer}
}
@article{jeong2019beta,
  title={Beta-binomial modeling of CRISPR pooled screen data identifies target genes with greater sensitivity and fewer false negatives},
  author={Jeong, Hyun-Hwan and Kim, Seon Young and Rousseaux, Maxime WC and Zoghbi, Huda Y and Liu, Zhandong},
  journal={Genome research},
  volume={29},
  number={6},
  pages={999--1008},
  year={2019},
  publisher={Cold Spring Harbor Lab}
}
@article{daley2018crisphiermix,
  title={CRISPhieRmix: a hierarchical mixture model for CRISPR pooled screens},
  author={Daley, Timothy P and Lin, Zhixiang and Lin, Xueqiu and Liu, Yanxia and Wong, Wing Hung and Qi, Lei S},
  journal={Genome Biology},
  volume={19},
  pages={1--13},
  year={2018},
  publisher={Springer}
}
@article{degner2012dnase,
  title={DNase I sensitivity QTLs are a major determinant of human expression variation},
  author={Degner, Jacob F and Pai, Athma A and Pique-Regi, Roger and Veyrieras, Jean-Baptiste and Gaffney, Daniel J and Pickrell, Joseph K and De Leon, Sherryl and Michelini, Katelyn and Lewellen, Noah and Crawford, Gregory E and others},
  journal={Nature},
  volume={482},
  number={7385},
  pages={390--394},
  year={2012},
  publisher={Nature Publishing Group UK London}
}
@article{currin2021genetic,
  title={Genetic effects on liver chromatin accessibility identify disease regulatory variants},
  author={Currin, Kevin W and Erdos, Michael R and Narisu, Narisu and Rai, Vivek and Vadlamudi, Swarooparani and Perrin, Hannah J and Idol, Jacqueline R and Yan, Tingfen and Albanus, Ricardo D’Oliveira and Broadaway, K Alaine and others},
  journal={The American Journal of Human Genetics},
  volume={108},
  number={7},
  pages={1169--1189},
  year={2021},
  publisher={Elsevier}
}
@article{farh2015genetic,
  title={Genetic and epigenetic fine mapping of causal autoimmune disease variants},
  author={Farh, Kyle Kai-How and Marson, Alexander and Zhu, Jiang and Kleinewietfeld, Markus and Housley, William J and Beik, Samantha and Shoresh, Noam and Whitton, Holly and Ryan, Russell JH and Shishkin, Alexander A and others},
  journal={Nature},
  volume={518},
  number={7539},
  pages={337--343},
  year={2015},
  publisher={Nature Publishing Group UK London}
}
@article{jing2004identification,
  title={Identification of the DNA binding element of the human ZNF333 protein},
  author={Jing, Zhe and Liu, Yaping and Dong, Min and Hu, Shaoyi and Huang, Shangzhi},
  journal={BMB Reports},
  volume={37},
  number={6},
  pages={663--670},
  year={2004},
  publisher={Citeseer}
}
@article{witzgall1994kruppel,
  title={The Kr{\"u}ppel-associated box-A (KRAB-A) domain of zinc finger proteins mediates transcriptional repression.},
  author={Witzgall, Ralph and O'Leary, EILEEN and Leaf, Alexander and Onaldi, Dilek and Bonventre, Joseph V},
  journal={Proceedings of the National Academy of Sciences},
  volume={91},
  number={10},
  pages={4514--4518},
  year={1994},
  publisher={National Acad Sciences}
}
@article{fass1997molecular,
  title={Molecular basis of familial hypercholesterolaemia from structure of LDL receptor module},
  author={Fass, Deborah and Blacklow, Stephen and Kim, Peter S and Berger, James M},
  journal={Nature},
  volume={388},
  number={6643},
  pages={691--693},
  year={1997},
  publisher={Nature Publishing Group UK London}
}
@article{russell1989different,
  title={Different combinations of cysteine-rich repeats mediate binding of low density lipoprotein receptor to two different proteins},
  author={Russell, David W and Brown, Michael S and Goldstein, Joseph L},
  journal={Journal of Biological Chemistry},
  volume={264},
  number={36},
  pages={21682--21688},
  year={1989},
  publisher={Elsevier}
}
@article{jeon2005structure,
  title={Structure and physiologic function of the low-density lipoprotein receptor},
  author={Jeon, Hyesung and Blacklow, Stephen C},
  journal={Annu. Rev. Biochem.},
  volume={74},
  pages={535--562},
  year={2005},
  publisher={Annual Reviews}
}
@article{global2013discovery,
  title={Discovery and refinement of loci associated with lipid levels},
  journal={Nature genetics},
  volume={45},
  number={11},
  pages={1274--1283},
  year={2013},
  publisher={Nature Publishing Group US New York}
}
@article{yu2023joint,
  title={Joint estimation and imputation of variant functional effects using high throughput assay data},
  author={Yu, Tian and Fife, James and Adzhubey, Ivan and Sherwood, Richard and Cassa, Christopher},
  journal={medRxiv},
  pages={2023--01},
  year={2023},
  publisher={Cold Spring Harbor Laboratory Press}
}
@inproceedings{chen2016xgboost,
  title={Xgboost: A scalable tree boosting system},
  author={Chen, Tianqi and Guestrin, Carlos},
  booktitle={Proceedings of the 22nd acm sigkdd international conference on knowledge discovery and data mining},
  pages={785--794},
  year={2016}
}
@article{clarke2022coronary,
  title={Coronary artery disease risk of familial hypercholesterolemia genetic variants independent of clinically observed longitudinal cholesterol exposure},
  author={Clarke, Shoa L and Tcheandjieu, Catherine and Hilliard, Austin T and Lee, Kyung Min and Lynch, Julie and Chang, Kyong-Mi and Miller, Donald and Knowles, Joshua W and O’Donnell, Christopher and Tsao, Philip S and others},
  journal={Circulation: Genomic and Precision Medicine},
  volume={15},
  number={2},
  pages={e003501},
  year={2022},
  publisher={Am Heart Assoc}
}
@article{kim1999positional,
  title={Positional preference of proline in $\alpha$-helices},
  author={Kim, Mee Kyoung and Kang, Young Kee},
  journal={Protein Science},
  volume={8},
  number={7},
  pages={1492--1499},
  year={1999},
  publisher={Cambridge University Press}
}
@article{pavlouvskova2016functional,
  title={Functional analysis of the p.(Leu15Pro) and p.(Gly20Arg) sequence changes in the signal sequence of LDL receptor},
  author={Pavlou{\v{s}}kov{\'a}, Jana and R{\'e}blov{\'a}, Kamila and Tich{\`y}, Luk{\'a}{\v{s}} and Freiberger, Tom{\'a}{\v{s}} and Fajkusov{\'a}, Lenka},
  journal={Atherosclerosis},
  volume={250},
  pages={9--14},
  year={2016},
  publisher={Elsevier}
}
@article{von1985signal,
  title={Signal sequences: the limits of variation},
  author={Von Heijne, Gunnar},
  journal={Journal of molecular biology},
  volume={184},
  number={1},
  pages={99--105},
  year={1985},
  publisher={Elsevier}
}
@article{pena2010calcium,
  title={Calcium as a crucial cofactor for low density lipoprotein receptor folding in the endoplasmic reticulum},
  author={Pena, Florentina and Jansens, Annemieke and van Zadelhoff, Guus and Braakman, Ineke},
  journal={Journal of Biological Chemistry},
  volume={285},
  number={12},
  pages={8656--8664},
  year={2010},
  publisher={ASBMB}
}
@article{jumper2021highly,
  title={Highly accurate protein structure prediction with AlphaFold},
  author={Jumper, John and Evans, Richard and Pritzel, Alexander and Green, Tim and Figurnov, Michael and Ronneberger, Olaf and Tunyasuvunakool, Kathryn and Bates, Russ and {\v{Z}}{\'\i}dek, Augustin and Potapenko, Anna and others},
  journal={Nature},
  volume={596},
  number={7873},
  pages={583--589},
  year={2021},
  publisher={Nature Publishing Group}
}
@article{varadi2022alphafold,
  title={AlphaFold Protein Structure Database: massively expanding the structural coverage of protein-sequence space with high-accuracy models},
  author={Varadi, Mihaly and Anyango, Stephen and Deshpande, Mandar and Nair, Sreenath and Natassia, Cindy and Yordanova, Galabina and Yuan, David and Stroe, Oana and Wood, Gemma and Laydon, Agata and others},
  journal={Nucleic acids research},
  volume={50},
  number={D1},
  pages={D439--D444},
  year={2022},
  publisher={Oxford University Press}
}
@article{webb2016comparative,
  title={Comparative protein structure modeling using MODELLER},
  author={Webb, Benjamin and Sali, Andrej},
  journal={Current protocols in bioinformatics},
  volume={54},
  number={1},
  pages={5--6},
  year={2016},
  publisher={Wiley Online Library}
}
@article{jubb2017arpeggio,
  title={Arpeggio: a web server for calculating and visualising interatomic interactions in protein structures},
  author={Jubb, Harry C and Higueruelo, Alicia P and Ochoa-Monta{\~n}o, Bernardo and Pitt, Will R and Ascher, David B and Blundell, Tom L},
  journal={Journal of molecular biology},
  volume={429},
  number={3},
  pages={365--371},
  year={2017},
  publisher={Elsevier}
}
@article{zhou2023ddmut,
  title={DDMut: predicting effects of mutations on protein stability using deep learning},
  author={Zhou, Yunzhuo and Pan, Qisheng and Pires, Douglas EV and Rodrigues, Carlos HM and Ascher, David B},
  journal={Nucleic Acids Research},
  pages={gkad472},
  year={2023},
  publisher={Oxford University Press}
}
@article{rose1985hydrophobicity,
  title={Hydrophobicity of amino acid residues in globular proteins},
  author={Rose, George D and Geselowitz, Ari R and Lesser, Glenn J and Lee, Richard H and Zehfus, Micheal H},
  journal={Science},
  volume={229},
  number={4716},
  pages={834--838},
  year={1985},
  publisher={American Association for the Advancement of Science}
}
@article{buniello2019nhgri,
  title={The NHGRI-EBI GWAS Catalog of published genome-wide association studies, targeted arrays and summary statistics 2019},
  author={Buniello, Annalisa and MacArthur, Jacqueline A L and Cerezo, Maria and Harris, Laura W and Hayhurst, James and Malangone, Cinzia and McMahon, Aoife and Morales, Joannella and Mountjoy, Edward and Sollis, Elliot and others},
  journal={Nucleic acids research},
  volume={47},
  number={D1},
  pages={D1005--D1012},
  year={2019},
  publisher={Oxford University Press}
}
@article{gallagher2018post,
  title={The post-GWAS era: from association to function},
  author={Gallagher, Michael D and Chen-Plotkin, Alice S},
  journal={The American Journal of Human Genetics},
  volume={102},
  number={5},
  pages={717--730},
  year={2018},
  publisher={Elsevier}
}
@article{barrera2016survey,
  title={Survey of variation in human transcription factors reveals prevalent DNA binding changes},
  author={Barrera, Luis A and Vedenko, Anastasia and Kurland, Jesse V and Rogers, Julia M and Gisselbrecht, Stephen S and Rossin, Elizabeth J and Woodard, Jaie and Mariani, Luca and Kock, Kian Hong and Inukai, Sachi and others},
  journal={Science},
  volume={351},
  number={6280},
  pages={1450--1454},
  year={2016},
  publisher={American Association for the Advancement of Science}
}
@article{link2018mmarge,
  title={MMARGE: motif mutation analysis for regulatory genomic elements},
  author={Link, Verena M and Romanoski, Casey E and Metzler, Dirk and Glass, Christopher K},
  journal={Nucleic acids research},
  volume={46},
  number={14},
  pages={7006--7021},
  year={2018},
  publisher={Oxford University Press}
}
@article{zeng2016gerv,
  title={GERV: a statistical method for generative evaluation of regulatory variants for transcription factor binding},
  author={Zeng, Haoyang and Hashimoto, Tatsunori and Kang, Daniel D and Gifford, David K},
  journal={Bioinformatics},
  volume={32},
  number={4},
  pages={490--496},
  year={2016},
  publisher={Oxford University Press}
}
@article{amariuta2019impact,
  title={IMPACT: genomic annotation of cell-state-specific regulatory elements inferred from the epigenome of bound transcription factors},
  author={Amariuta, Tiffany and Luo, Yang and Gazal, Steven and Davenport, Emma E and van de Geijn, Bryce and Ishigaki, Kazuyoshi and Westra, Harm-Jan and Teslovich, Nikola and Okada, Yukinori and Yamamoto, Kazuhiko and others},
  journal={The American Journal of Human Genetics},
  volume={104},
  number={5},
  pages={879--895},
  year={2019},
  publisher={Elsevier}
}
@article{boyle2012annotation,
  title={Annotation of functional variation in personal genomes using RegulomeDB},
  author={Boyle, Alan P and Hong, Eurie L and Hariharan, Manoj and Cheng, Yong and Schaub, Marc A and Kasowski, Maya and Karczewski, Konrad J and Park, Julie and Hitz, Benjamin C and Weng, Shuai and others},
  journal={Genome research},
  volume={22},
  number={9},
  pages={1790--1797},
  year={2012},
  publisher={Cold Spring Harbor Lab}
}
@article{ward2012haploreg,
  title={HaploReg: a resource for exploring chromatin states, conservation, and regulatory motif alterations within sets of genetically linked variants},
  author={Ward, Lucas D and Kellis, Manolis},
  journal={Nucleic acids research},
  volume={40},
  number={D1},
  pages={D930--D934},
  year={2012},
  publisher={Oxford University Press}
}
@article{moyerbrailean2016genetics,
  title={Which genetics variants in DNase-Seq footprints are more likely to alter binding?},
  author={Moyerbrailean, Gregory A and Kalita, Cynthia A and Harvey, Chris T and Wen, Xiaoquan and Luca, Francesca and Pique-Regi, Roger},
  journal={PLoS genetics},
  volume={12},
  number={2},
  pages={e1005875},
  year={2016},
  publisher={Public Library of Science San Francisco, CA USA}
}
@article{pique2011accurate,
  title={Accurate inference of transcription factor binding from DNA sequence and chromatin accessibility data},
  author={Pique-Regi, Roger and Degner, Jacob F and Pai, Athma A and Gaffney, Daniel J and Gilad, Yoav and Pritchard, Jonathan K},
  journal={Genome research},
  volume={21},
  number={3},
  pages={447--455},
  year={2011},
  publisher={Cold Spring Harbor Lab}
}
@article{reshef2018detecting,
  title={Detecting genome-wide directional effects of transcription factor binding on polygenic disease risk},
  author={Reshef, Yakir A and Finucane, Hilary K and Kelley, David R and Gusev, Alexander and Kotliar, Dylan and Ulirsch, Jacob C and Hormozdiari, Farhad and Nasser, Joseph and O’Connor, Luke and Van De Geijn, Bryce and others},
  journal={Nature genetics},
  volume={50},
  number={10},
  pages={1483--1493},
  year={2018},
  publisher={Nature Publishing Group}
}
@article{schmidt2015gregor,
  title={GREGOR: evaluating global enrichment of trait-associated variants in epigenomic features using a systematic, data-driven approach},
  author={Schmidt, Ellen M and Zhang, Ji and Zhou, Wei and Chen, Jin and Mohlke, Karen L and Chen, Y Eugene and Willer, Cristen J},
  journal={Bioinformatics},
  volume={31},
  number={16},
  pages={2601--2606},
  year={2015},
  publisher={Oxford University Press}
}
@article{traag2019louvain,
  title={From Louvain to Leiden: guaranteeing well-connected communities},
  author={Traag, Vincent A and Waltman, Ludo and Van Eck, Nees Jan},
  journal={Scientific reports},
  volume={9},
  number={1},
  pages={5233},
  year={2019},
  publisher={Nature Publishing Group UK London}
}
@article{ashley2016towards,
  title={Towards precision medicine},
  author={Ashley, Euan A},
  journal={Nature Reviews Genetics},
  volume={17},
  number={9},
  pages={507--522},
  year={2016},
  publisher={Nature Publishing Group UK London}
}
@article{ng2009targeted,
  title={Targeted capture and massively parallel sequencing of 12 human exomes},
  author={Ng, Sarah B and Turner, Emily H and Robertson, Peggy D and Flygare, Steven D and Bigham, Abigail W and Lee, Choli and Shaffer, Tristan and Wong, Michelle and Bhattacharjee, Arindam and Eichler, Evan E and others},
  journal={Nature},
  volume={461},
  number={7261},
  pages={272--276},
  year={2009},
  publisher={Nature Publishing Group UK London}
}
@article{ashley2010clinical,
  title={Clinical assessment incorporating a personal genome},
  author={Ashley, Euan A and Butte, Atul J and Wheeler, Matthew T and Chen, Rong and Klein, Teri E and Dewey, Frederick E and Dudley, Joel T and Ormond, Kelly E and Pavlovic, Aleksandra and Morgan, Alexander A and others},
  journal={The Lancet},
  volume={375},
  number={9725},
  pages={1525--1535},
  year={2010},
  publisher={Elsevier}
}
@article{worthey2011making,
  title={Making a definitive diagnosis: successful clinical application of whole exome sequencing in a child with intractable inflammatory bowel disease},
  author={Worthey, Elizabeth A and Mayer, Alan N and Syverson, Grant D and Helbling, Daniel and Bonacci, Benedetta B and Decker, Brennan and Serpe, Jaime M and Dasu, Trivikram and Tschannen, Michael R and Veith, Regan L and others},
  journal={Genetics in Medicine},
  volume={13},
  number={3},
  pages={255--262},
  year={2011},
  publisher={Nature Publishing Group}
}