@preamble{ " \newcommand{\noop}[1]{} " }

@article{lambert2018human,
  title={The human transcription factors},
  author={Lambert, Samuel A and Jolma, Arttu and Campitelli, Laura F and Das, Pratyush K and Yin, Yimeng and Albu, Mihai and Chen, Xiaoting and Taipale, Jussi and Hughes, Timothy R and Weirauch, Matthew T},
  journal={Cell},
  volume={172},
  number={4},
  pages={650--665},
  year={2018},
  publisher={Elsevier}
}
@article{reimold2001plasma,
  title={Plasma cell differentiation requires the transcription factor XBP-1},
  author={Reimold, Andreas M and Iwakoshi, Neal N and Manis, John and Vallabhajosyula, Prashanth and Szomolanyi-Tsuda, Eva and Gravallese, Ellen M and Friend, Daniel and Grusby, Michael J and Alt, Frederick and Glimcher, Laurie H},
  journal={Nature},
  volume={412},
  number={6844},
  pages={300--307},
  year={2001},
  publisher={Nature Publishing Group}
}
@article{whyte2013master,
  title={Master transcription factors and mediator establish super-enhancers at key cell identity genes},
  author={Whyte, Warren A and Orlando, David A and Hnisz, Denes and Abraham, Brian J and Lin, Charles Y and Kagey, Michael H and Rahl, Peter B and Lee, Tong Ihn and Young, Richard A},
  journal={Cell},
  volume={153},
  number={2},
  pages={307--319},
  year={2013},
  publisher={Elsevier}
}
@article{stewart2012transcription,
  title={Why transcription factor binding sites are ten nucleotides long},
  author={Stewart, Alexander J and Hannenhalli, Sridhar and Plotkin, Joshua B},
  journal={Genetics},
  volume={192},
  number={3},
  pages={973--985},
  year={2012},
  publisher={Oxford University Press}
}
@article{whitfield2012functional,
  title={Functional analysis of transcription factor binding sites in human promoters},
  author={Whitfield, Troy W and Wang, Jie and Collins, Patrick J and Partridge, E Christopher and Aldred, Shelley Force and Trinklein, Nathan D and Myers, Richard M and Weng, Zhiping},
  journal={Genome biology},
  volume={13},
  number={9},
  pages={1--16},
  year={2012},
  publisher={Springer}
}
@article{gotea2010homotypic,
  title={Homotypic clusters of transcription factor binding sites are a key component of human promoters and enhancers},
  author={Gotea, Valer and Visel, Axel and Westlund, John M and Nobrega, Marcelo A and Pennacchio, Len A and Ovcharenko, Ivan},
  journal={Genome research},
  volume={20},
  number={5},
  pages={565--577},
  year={2010},
  publisher={Cold Spring Harbor Lab}
}
@article{lemon2000orchestrated,
  title={Orchestrated response: a symphony of transcription factors for gene control},
  author={Lemon, Bryan and Tjian, Robert},
  journal={Genes \& development},
  volume={14},
  number={20},
  pages={2551--2569},
  year={2000},
  publisher={Cold Spring Harbor Lab}
}
@article{nolis2009transcription,
  title={Transcription factors mediate long-range enhancer--promoter interactions},
  author={Nolis, Ilias K and McKay, Daniel J and Mantouvalou, Eva and Lomvardas, Stavros and Merika, Menie and Thanos, Dimitris},
  journal={Proceedings of the National Academy of Sciences},
  volume={106},
  number={48},
  pages={20222--20227},
  year={2009},
  publisher={National Acad Sciences}
}
@article{pavesi2004silico,
  title={In silico representation and discovery of transcription factor binding sites},
  author={Pavesi, Giulio and Mauri, Giancarlo and Pesole, Graziano},
  journal={Briefings in bioinformatics},
  volume={5},
  number={3},
  pages={217--236},
  year={2004},
  publisher={Henry Stewart Publications}
}
@article{d2006does,
  title={How does DNA sequence motif discovery work?},
  author={D'haeseleer, Patrik},
  journal={Nature biotechnology},
  volume={24},
  number={8},
  pages={959--961},
  year={2006},
  publisher={Nature Publishing Group}
}
@article{zambelli2013motif,
  title={Motif discovery and transcription factor binding sites before and after the next-generation sequencing era},
  author={Zambelli, Federico and Pesole, Graziano and Pavesi, Giulio},
  journal={Briefings in bioinformatics},
  volume={14},
  number={2},
  pages={225--237},
  year={2013},
  publisher={Oxford University Press}
}
@article{stormo2000dna,
  title={DNA binding sites: representation and discovery},
  author={Stormo, Gary D},
  journal={Bioinformatics},
  volume={16},
  number={1},
  pages={16--23},
  year={2000},
  publisher={Oxford University Press}
}
@book{durbin1998biological,
  title={Biological sequence analysis: probabilistic models of proteins and nucleic acids},
  author={Durbin, Richard and Eddy, Sean R and Krogh, Anders and Mitchison, Graeme},
  year={1998},
  publisher={Cambridge university press}
}
@article{talukder2021interpretation,
  title={Interpretation of deep learning in genomics and epigenomics},
  author={Talukder, Amlan and Barham, Clayton and Li, Xiaoman and Hu, Haiyan},
  journal={Briefings in Bioinformatics},
  volume={22},
  number={3},
  pages={bbaa177},
  year={2021},
  publisher={Oxford University Press}
}
@article{jolma2011methods,
  title={Methods for analysis of transcription factor DNA-binding specificity in vitro},
  author={Jolma, Arttu and Taipale, Jussi},
  journal={A Handbook of Transcription Factors},
  pages={155--173},
  year={2011},
  publisher={Springer}
}
@article{berger2006compact,
  title={Compact, universal DNA microarrays to comprehensively determine transcription-factor binding site specificities},
  author={Berger, Michael F and Philippakis, Anthony A and Qureshi, Aaron M and He, Fangxue S and Estep, Preston W and Bulyk, Martha L},
  journal={Nature biotechnology},
  volume={24},
  number={11},
  pages={1429--1435},
  year={2006},
  publisher={Nature Publishing Group}
}
@article{berger2009universal,
  title={Universal protein-binding microarrays for the comprehensive characterization of the DNA-binding specificities of transcription factors},
  author={Berger, Michael F and Bulyk, Martha L},
  journal={Nature protocols},
  volume={4},
  number={3},
  pages={393--411},
  year={2009},
  publisher={Nature Publishing Group}
}
@article{jolma2010multiplexed,
  title={Multiplexed massively parallel SELEX for characterization of human transcription factor binding specificities},
  author={Jolma, Arttu and Kivioja, Teemu and Toivonen, Jarkko and Cheng, Lu and Wei, Gonghong and Enge, Martin and Taipale, Mikko and Vaquerizas, Juan M and Yan, Jian and Sillanp{\"a}{\"a}, Mikko J and others},
  journal={Genome research},
  volume={20},
  number={6},
  pages={861--873},
  year={2010},
  publisher={Cold Spring Harbor Lab}
}
@incollection{pillai2015chip,
  title={ChIP on chip and ChIP-Seq assays: genome-wide analysis of transcription factor binding and histone modifications},
  author={Pillai, Smitha and Chellappan, Srikumar P},
  booktitle={Chromatin Protocols},
  pages={447--472},
  year={2015},
  publisher={Springer}
}
@article{collas2008chop,
  title={Chop it, ChIP it, check it: the current status of chromatin immunoprecipitation},
  author={Collas, Philippe and Dahl, John Arne},
  journal={Frontiers in Bioscience-Landmark},
  volume={13},
  number={3},
  pages={929--943},
  year={2008},
  publisher={IMR Press}
}
@article{johnson2007genome,
  title={Genome-wide mapping of in vivo protein-DNA interactions},
  author={Johnson, David S and Mortazavi, Ali and Myers, Richard M and Wold, Barbara},
  journal={Science},
  volume={316},
  number={5830},
  pages={1497--1502},
  year={2007},
  publisher={American Association for the Advancement of Science}
}
@article{mardis2007chip,
  title={ChIP-seq: welcome to the new frontier},
  author={Mardis, Elaine R},
  journal={Nature methods},
  volume={4},
  number={8},
  pages={613--614},
  year={2007},
  publisher={Nature Publishing Group}
}
@article{de2006regulatory,
  title={A regulatory SNP causes a human genetic disease by creating a new transcriptional promoter},
  author={De Gobbi, Marco and Viprakasit, Vip and Hughes, Jim R and Fisher, Chris and Buckle, Veronica J and Ayyub, Helena and Gibbons, Richard J and Vernimmen, Douglas and Yoshinaga, Yuko and De Jong, Pieter and others},
  journal={Science},
  volume={312},
  number={5777},
  pages={1215--1217},
  year={2006},
  publisher={American Association for the Advancement of Science}
}
@article{weinhold2014genome,
  title={Genome-wide analysis of noncoding regulatory mutations in cancer},
  author={Weinhold, Nils and Jacobsen, Anders and Schultz, Nikolaus and Sander, Chris and Lee, William},
  journal={Nature genetics},
  volume={46},
  number={11},
  pages={1160--1165},
  year={2014},
  publisher={Nature Publishing Group}
}
@article{guo2018mutation,
  title={Mutation hotspots at CTCF binding sites coupled to chromosomal instability in gastrointestinal cancers},
  author={Guo, Yu Amanda and Chang, Mei Mei and Huang, Weitai and Ooi, Wen Fong and Xing, Manjie and Tan, Patrick and Skanderup, Anders Jacobsen},
  journal={Nature communications},
  volume={9},
  number={1},
  pages={1--14},
  year={2018},
  publisher={Nature Publishing Group}
}
@article{maurano2012systematic,
  title={Systematic localization of common disease-associated variation in regulatory DNA},
  author={Maurano, Matthew T and Humbert, Richard and Rynes, Eric and Thurman, Robert E and Haugen, Eric and Wang, Hao and Reynolds, Alex P and Sandstrom, Richard and Qu, Hongzhu and Brody, Jennifer and others},
  journal={Science},
  volume={337},
  number={6099},
  pages={1190--1195},
  year={2012},
  publisher={American Association for the Advancement of Science}
}
@article{deplancke2016genetics,
  title={The genetics of transcription factor DNA binding variation},
  author={Deplancke, Bart and Alpern, Daniel and Gardeux, Vincent},
  journal={Cell},
  volume={166},
  number={3},
  pages={538--554},
  year={2016},
  publisher={Elsevier}
}
@article{kasowski2010variation,
  title={Variation in transcription factor binding among humans},
  author={Kasowski, Maya and Grubert, Fabian and Heffelfinger, Christopher and Hariharan, Manoj and Asabere, Akwasi and Waszak, Sebastian M and Habegger, Lukas and Rozowsky, Joel and Shi, Minyi and Urban, Alexander E and others},
  journal={science},
  volume={328},
  number={5975},
  pages={232--235},
  year={2010},
  publisher={American Association for the Advancement of Science}
}
@article{waterman1984pattern,
  title={Pattern recognition in several sequences: consensus and alignment},
  author={Waterman, MS and Arratia, R and Galas, DJ},
  journal={Bulletin of mathematical biology},
  volume={46},
  number={4},
  pages={515--527},
  year={1984},
  publisher={Elsevier}
}
@article{galas1985rigorous,
  title={Rigorous pattern-recognition methods for DNA sequences: Analysis of promoter sequences from Escherichia coli},
  author={Galas, David J and Eggert, Mark and Waterman, Michael S},
  journal={Journal of molecular biology},
  volume={186},
  number={1},
  pages={117--128},
  year={1985},
  publisher={Elsevier}
}
@article{valimaki2007compressed,
  title={Compressed suffix tree—a basis for genome-scale sequence analysis},
  author={V{\"a}lim{\"a}ki, Niko and Gerlach, Wolfgang and Dixit, Kashyap and M{\"a}kinen, Veli},
  journal={Bioinformatics},
  volume={23},
  number={5},
  pages={629--630},
  year={2007},
  publisher={Oxford University Press}
}
@article{pavesi2001algorithm,
  title={An algorithm for finding signals of unknown length in DNA sequences},
  author={Pavesi, Giulio and Mauri, Giancarlo and Pesole, Graziano},
  journal={Bioinformatics},
  volume={17},
  number={suppl\_1},
  pages={S207--S214},
  year={2001},
  publisher={Oxford University Press}
}
@article{pavesi2004weeder,
  title={Weeder Web: discovery of transcription factor binding sites in a set of sequences from co-regulated genes},
  author={Pavesi, Giulio and Mereghetti, Paolo and Mauri, Giancarlo and Pesole, Graziano},
  journal={Nucleic acids research},
  volume={32},
  number={suppl\_2},
  pages={W199--W203},
  year={2004},
  publisher={Oxford University Press}
}
@article{marsan2000algorithms,
  title={Algorithms for extracting structured motifs using a suffix tree with an application to promoter and regulatory site consensus identification},
  author={Marsan, Laurent and Sagot, Marie-France},
  journal={Journal of computational biology},
  volume={7},
  number={3-4},
  pages={345--362},
  year={2000},
  publisher={Mary Ann Liebert, Inc.}
}
@article{bailey1995unsupervised,
  title={Unsupervised learning of multiple motifs in biopolymers using expectation maximization},
  author={Bailey, Timothy L and Elkan, Charles},
  journal={Machine learning},
  volume={21},
  number={1},
  pages={51--80},
  year={1995},
  publisher={Springer}
}
@article{hertz1999identifying,
  title={Identifying DNA and protein patterns with statistically significant alignments of multiple sequences.},
  author={Hertz, Gerald Z and Stormo, Gary D.},
  journal={Bioinformatics (Oxford, England)},
  volume={15},
  number={7},
  pages={563--577},
  year={1999}
}
@article{lawrence1993detecting,
  title={Detecting subtle sequence signals: a Gibbs sampling strategy for multiple alignment},
  author={Lawrence, Charles E and Altschul, Stephen F and Boguski, Mark S and Liu, Jun S and Neuwald, Andrew F and Wootton, John C},
  journal={science},
  volume={262},
  number={5131},
  pages={208--214},
  year={1993},
  publisher={American Association for the Advancement of Science}
}
@article{lee2018comprehensive,
  title={A comprehensive survey on genetic algorithms for DNA motif prediction},
  author={Lee, Nung Kion and Li, Xi and Wang, Dianhui},
  journal={Information Sciences},
  volume={466},
  pages={25--43},
  year={2018},
  publisher={Elsevier}
}
@article{bailey1994fitting,
  title={Fitting a mixture model by expectation maximization to discover motifs in bipolymers},
  author={Bailey, Timothy L and Elkan, Charles and others},
  year={1994},
  publisher={Department of Computer Science and Engineering, University of California~…}
}
@inproceedings{bailey1995value,
  title={The value of prior knowledge in discovering motifs with MEME.},
  author={Bailey, Timothy L and Elkan, Charles},
  booktitle={Ismb},
  volume={3},
  pages={21--29},
  year={1995}
}
@article{bailey2006meme,
  title={MEME: discovering and analyzing DNA and protein sequence motifs},
  author={Bailey, Timothy L and Williams, Nadya and Misleh, Chris and Li, Wilfred W},
  journal={Nucleic Acids Research},
  volume={34},
  number={suppl\_2},
  pages={W369--W373},
  year={2006}
}
