@preamble{ " \newcommand{\noop}[1]{} " }

@article{whyte2013master,
  title={Master transcription factors and mediator establish super-enhancers at key cell identity genes},
  author={Whyte, Warren A and Orlando, David A and Hnisz, Denes and Abraham, Brian J and Lin, Charles Y and Kagey, Michael H and Rahl, Peter B and Lee, Tong Ihn and Young, Richard A},
  journal={Cell},
  volume={153},
  number={2},
  pages={307--319},
  year={2013},
  publisher={Elsevier}
}
@article{reimold2001plasma,
  title={Plasma cell differentiation requires the transcription factor XBP-1},
  author={Reimold, Andreas M and Iwakoshi, Neal N and Manis, John and Vallabhajosyula, Prashanth and Szomolanyi-Tsuda, Eva and Gravallese, Ellen M and Friend, Daniel and Grusby, Michael J and Alt, Frederick and Glimcher, Laurie H},
  journal={Nature},
  volume={412},
  number={6844},
  pages={300--307},
  year={2001},
  publisher={Nature Publishing Group}
}
@article{lambert2018human,
  title={The human transcription factors},
  author={Lambert, Samuel A and Jolma, Arttu and Campitelli, Laura F and Das, Pratyush K and Yin, Yimeng and Albu, Mihai and Chen, Xiaoting and Taipale, Jussi and Hughes, Timothy R and Weirauch, Matthew T},
  journal={Cell},
  volume={172},
  number={4},
  pages={650--665},
  year={2018},
  publisher={Elsevier}
}
@article{stewart2012transcription,
  title={Why transcription factor binding sites are ten nucleotides long},
  author={Stewart, Alexander J and Hannenhalli, Sridhar and Plotkin, Joshua B},
  journal={Genetics},
  volume={192},
  number={3},
  pages={973--985},
  year={2012},
  publisher={Oxford University Press}
}
@article{whitfield2012functional,
  title={Functional analysis of transcription factor binding sites in human promoters},
  author={Whitfield, Troy W and Wang, Jie and Collins, Patrick J and Partridge, E Christopher and Aldred, Shelley Force and Trinklein, Nathan D and Myers, Richard M and Weng, Zhiping},
  journal={Genome biology},
  volume={13},
  number={9},
  pages={1--16},
  year={2012},
  publisher={Springer}
}
@article{gotea2010homotypic,
  title={Homotypic clusters of transcription factor binding sites are a key component of human promoters and enhancers},
  author={Gotea, Valer and Visel, Axel and Westlund, John M and Nobrega, Marcelo A and Pennacchio, Len A and Ovcharenko, Ivan},
  journal={Genome research},
  volume={20},
  number={5},
  pages={565--577},
  year={2010},
  publisher={Cold Spring Harbor Lab}
}
@article{lemon2000orchestrated,
  title={Orchestrated response: a symphony of transcription factors for gene control},
  author={Lemon, Bryan and Tjian, Robert},
  journal={Genes \& development},
  volume={14},
  number={20},
  pages={2551--2569},
  year={2000},
  publisher={Cold Spring Harbor Lab}
}
@article{nolis2009transcription,
  title={Transcription factors mediate long-range enhancer--promoter interactions},
  author={Nolis, Ilias K and McKay, Daniel J and Mantouvalou, Eva and Lomvardas, Stavros and Merika, Menie and Thanos, Dimitris},
  journal={Proceedings of the National Academy of Sciences},
  volume={106},
  number={48},
  pages={20222--20227},
  year={2009},
  publisher={National Acad Sciences}
}
@article{mendenhall2013locus,
  title={Locus-specific editing of histone modifications at endogenous enhancers},
  author={Mendenhall, Eric M and Williamson, Kaylyn E and Reyon, Deepak and Zou, James Y and Ram, Oren and Joung, J Keith and Bernstein, Bradley E},
  journal={Nature biotechnology},
  volume={31},
  number={12},
  pages={1133--1136},
  year={2013},
  publisher={Nature Publishing Group}
}
@article{maurano2015large,
  title={Large-scale identification of sequence variants influencing human transcription factor occupancy in vivo},
  author={Maurano, Matthew T and Haugen, Eric and Sandstrom, Richard and Vierstra, Jeff and Shafer, Anthony and Kaul, Rajinder and Stamatoyannopoulos, John A},
  journal={Nature genetics},
  volume={47},
  number={12},
  pages={1393--1401},
  year={2015},
  publisher={Nature Publishing Group}
}
@article{latchman1997transcription,
  title={Transcription factors: an overview},
  author={Latchman, David S},
  journal={The international journal of biochemistry \& cell biology},
  volume={29},
  number={12},
  pages={1305--1312},
  year={1997},
  publisher={Elsevier}
}
@article{babu2004structure,
  title={Structure and evolution of transcriptional regulatory networks},
  author={Babu, M Madan and Luscombe, Nicholas M and Aravind, L and Gerstein, Mark and Teichmann, Sarah A},
  journal={Current opinion in structural biology},
  volume={14},
  number={3},
  pages={283--291},
  year={2004},
  publisher={Elsevier}
}
@article{fuda2009defining,
  title={Defining mechanisms that regulate RNA polymerase II transcription in vivo},
  author={Fuda, Nicholas J and Ardehali, M Behfar and Lis, John T},
  journal={Nature},
  volume={461},
  number={7261},
  pages={186--192},
  year={2009},
  publisher={Nature Publishing Group}
}
@article{liu2016beyond,
  title={Beyond transcription factors: how oncogenic signalling reshapes the epigenetic landscape},
  author={Liu, Fan and Wang, Lan and Perna, Fabiana and Nimer, Stephen D},
  journal={Nature Reviews Cancer},
  volume={16},
  number={6},
  pages={359},
  year={2016},
  publisher={Nature Publishing Group}
}
@article{docquier2005heightened,
  title={Heightened expression of CTCF in breast cancer cells is associated with resistance to apoptosis},
  author={Docquier, France and Farrar, Dawn and D'Arcy, Vivien and Chernukhin, Igor and Robinson, Abigail F and Loukinov, Dmitry and Vatolin, Sergei and Pack, Svetlana and Mackay, Alan and Harris, Robert A and others},
  journal={Cancer research},
  volume={65},
  number={12},
  pages={5112--5122},
  year={2005},
  publisher={AACR}
}
@article{katainen2015ctcf,
  title={CTCF/cohesin-binding sites are frequently mutated in cancer},
  author={Katainen, Riku and Dave, Kashyap and Pitk{\"a}nen, Esa and Palin, Kimmo and Kivioja, Teemu and V{\"a}lim{\"a}ki, Niko and Gylfe, Alexandra E and Ristolainen, Heikki and H{\"a}nninen, Ulrika A and Cajuso, Tatiana and others},
  journal={Nature genetics},
  volume={47},
  number={7},
  pages={818--821},
  year={2015},
  publisher={Nature Publishing Group}
}
@article{yu2019gata1,
  title={GATA1 promotes colorectal cancer cell proliferation, migration and invasion via activating AKT signaling pathway},
  author={Yu, Junhui and Liu, Ming and Liu, Hui and Zhou, Lei},
  journal={Molecular and cellular biochemistry},
  volume={457},
  number={1-2},
  pages={191--199},
  year={2019},
  publisher={Springer}
}
@article{jolma2011methods,
  title={Methods for analysis of transcription factor DNA-binding specificity in vitro},
  author={Jolma, Arttu and Taipale, Jussi},
  journal={A Handbook of Transcription Factors},
  pages={155--173},
  year={2011},
  publisher={Springer}
}
@article{garner1981gel,
  title={A gel electrophoresis method for quantifying the binding of proteins to specific DNA regions: application to components of the Escherichia coli lactose operon regulatory system},
  author={Garner, Mark M and Revzin, Arnold},
  journal={Nucleic acids research},
  volume={9},
  number={13},
  pages={3047--3060},
  year={1981},
  publisher={Oxford University Press}
}
@article{hampshire2007footprinting,
  title={Footprinting: a method for determining the sequence selectivity, affinity and kinetics of DNA-binding ligands},
  author={Hampshire, Andrew J and Rusling, David A and Broughton-Head, Victoria J and Fox, Keith R},
  journal={Methods},
  volume={42},
  number={2},
  pages={128--140},
  year={2007},
  publisher={Elsevier}
}
@article{berger2006compact,
  title={Compact, universal DNA microarrays to comprehensively determine transcription-factor binding site specificities},
  author={Berger, Michael F and Philippakis, Anthony A and Qureshi, Aaron M and He, Fangxue S and Estep, Preston W and Bulyk, Martha L},
  journal={Nature biotechnology},
  volume={24},
  number={11},
  pages={1429--1435},
  year={2006},
  publisher={Nature Publishing Group}
}
@article{jolma2010multiplexed,
  title={Multiplexed massively parallel SELEX for characterization of human transcription factor binding specificities},
  author={Jolma, Arttu and Kivioja, Teemu and Toivonen, Jarkko and Cheng, Lu and Wei, Gonghong and Enge, Martin and Taipale, Mikko and Vaquerizas, Juan M and Yan, Jian and Sillanp{\"a}{\"a}, Mikko J and others},
  journal={Genome research},
  volume={20},
  number={6},
  pages={861--873},
  year={2010},
  publisher={Cold Spring Harbor Lab}
}
@article{collas2008chop,
  title={Chop it, ChIP it, check it: the current status of chromatin immunoprecipitation},
  author={Collas, Philippe and Dahl, John Arne},
  journal={Frontiers in Bioscience-Landmark},
  volume={13},
  number={3},
  pages={929--943},
  year={2008},
  publisher={IMR Press}
}
@article{pavesi2004silico,
  title={In silico representation and discovery of transcription factor binding sites},
  author={Pavesi, Giulio and Mauri, Giancarlo and Pesole, Graziano},
  journal={Briefings in bioinformatics},
  volume={5},
  number={3},
  pages={217--236},
  year={2004},
  publisher={Henry Stewart Publications}
}
@article{tompa2005assessing,
  title={Assessing computational tools for the discovery of transcription factor binding sites},
  author={Tompa, Martin and Li, Nan and Bailey, Timothy L and Church, George M and De Moor, Bart and Eskin, Eleazar and Favorov, Alexander V and Frith, Martin C and Fu, Yutao and Kent, W James and others},
  journal={Nature biotechnology},
  volume={23},
  number={1},
  pages={137--144},
  year={2005},
  publisher={Nature Publishing Group}
}
@article{d2006does,
  title={How does DNA sequence motif discovery work?},
  author={D'haeseleer, Patrik},
  journal={Nature biotechnology},
  volume={24},
  number={8},
  pages={959--961},
  year={2006},
  publisher={Nature Publishing Group}
}
@article{das2007survey,
  title={A survey of DNA motif finding algorithms},
  author={Das, Modan K and Dai, Ho-Kwok},
  journal={BMC bioinformatics},
  volume={8},
  number={7},
  pages={1--13},
  year={2007},
  publisher={Springer}
}
@article{zambelli2013motif,
  title={Motif discovery and transcription factor binding sites before and after the next-generation sequencing era},
  author={Zambelli, Federico and Pesole, Graziano and Pavesi, Giulio},
  journal={Briefings in bioinformatics},
  volume={14},
  number={2},
  pages={225--237},
  year={2013},
  publisher={Oxford University Press}
}
@article{stormo2000dna,
  title={DNA binding sites: representation and discovery},
  author={Stormo, Gary D},
  journal={Bioinformatics},
  volume={16},
  number={1},
  pages={16--23},
  year={2000},
  publisher={Oxford University Press}
}
@article{siddharthan2010dinucleotide,
  title={Dinucleotide weight matrices for predicting transcription factor binding sites: generalizing the position weight matrix},
  author={Siddharthan, Rahul},
  journal={PloS one},
  volume={5},
  number={3},
  pages={e9722},
  year={2010},
  publisher={Public Library of Science San Francisco, USA}
}
@article{gorkin2012integration,
  title={Integration of ChIP-seq and machine learning reveals enhancers and a predictive regulatory sequence vocabulary in melanocytes},
  author={Gorkin, David U and Lee, Dongwon and Reed, Xylena and Fletez-Brant, Christopher and Bessling, Seneca L and Loftus, Stacie K and Beer, Michael A and Pavan, William J and McCallion, Andrew S},
  journal={Genome research},
  volume={22},
  number={11},
  pages={2290--2301},
  year={2012},
  publisher={Cold Spring Harbor Lab}
}
@article{he2021survey,
  title={A survey on deep learning in DNA/RNA motif mining},
  author={He, Ying and Shen, Zhen and Zhang, Qinhu and Wang, Siguo and Huang, De-Shuang},
  journal={Briefings in Bioinformatics},
  volume={22},
  number={4},
  pages={bbaa229},
  year={2021},
  publisher={Oxford University Press}
}
@article{galas1978dnaase,
  title={DNAase footprinting a simple method for the detection of protein-DNA binding specificity},
  author={Galas, David J and Schmitz, Albert},
  journal={Nucleic acids research},
  volume={5},
  number={9},
  pages={3157--3170},
  year={1978},
  publisher={Oxford University Press}
}
@article{zia2012towards,
  title={Towards a theoretical understanding of false positives in DNA motif finding},
  author={Zia, Amin and Moses, Alan M},
  journal={BMC bioinformatics},
  volume={13},
  number={1},
  pages={1--9},
  year={2012},
  publisher={BioMed Central}
}
@article{stormo2010determining,
  title={Determining the specificity of protein--DNA interactions},
  author={Stormo, Gary D and Zhao, Yue},
  journal={Nature Reviews Genetics},
  volume={11},
  number={11},
  pages={751--760},
  year={2010},
  publisher={Nature Publishing Group}
}
@article{berger2009universal,
  title={Universal protein-binding microarrays for the comprehensive characterization of the DNA-binding specificities of transcription factors},
  author={Berger, Michael F and Bulyk, Martha L},
  journal={Nature protocols},
  volume={4},
  number={3},
  pages={393--411},
  year={2009},
  publisher={Nature Publishing Group}
}
@article{jolma2013dna,
  title={DNA-binding specificities of human transcription factors},
  author={Jolma, Arttu and Yan, Jian and Whitington, Thomas and Toivonen, Jarkko and Nitta, Kazuhiro R and Rastas, Pasi and Morgunova, Ekaterina and Enge, Martin and Taipale, Mikko and Wei, Gonghong and others},
  journal={Cell},
  volume={152},
  number={1-2},
  pages={327--339},
  year={2013},
  publisher={Elsevier}
}
@incollection{pillai2015chip,
  title={ChIP on chip and ChIP-Seq assays: genome-wide analysis of transcription factor binding and histone modifications},
  author={Pillai, Smitha and Chellappan, Srikumar P},
  booktitle={Chromatin Protocols},
  pages={447--472},
  year={2015},
  publisher={Springer}
}
@article{johnson2007genome,
  title={Genome-wide mapping of in vivo protein-DNA interactions},
  author={Johnson, David S and Mortazavi, Ali and Myers, Richard M and Wold, Barbara},
  journal={Science},
  volume={316},
  number={5830},
  pages={1497--1502},
  year={2007},
  publisher={American Association for the Advancement of Science}
}
@article{mardis2007chip,
  title={ChIP-seq: welcome to the new frontier},
  author={Mardis, Elaine R},
  journal={Nature methods},
  volume={4},
  number={8},
  pages={613--614},
  year={2007},
  publisher={Nature Publishing Group}
}
@article{thomas2017features,
  title={Features that define the best ChIP-seq peak calling algorithms},
  author={Thomas, Reuben and Thomas, Sean and Holloway, Alisha K and Pollard, Katherine S},
  journal={Briefings in bioinformatics},
  volume={18},
  number={3},
  pages={441--450},
  year={2017},
  publisher={Oxford University Press}
}
@article{guo2012high,
  title={High resolution genome wide binding event finding and motif discovery reveals transcription factor spatial binding constraints},
  author={Guo, Yuchun and Mahony, Shaun and Gifford, David K},
  year={2012},
  publisher={Public Library of Science San Francisco, USA}
}
@article{zhang2008model,
  title={Model-based analysis of ChIP-Seq (MACS)},
  author={Zhang, Yong and Liu, Tao and Meyer, Clifford A and Eeckhoute, J{\'e}r{\^o}me and Johnson, David S and Bernstein, Bradley E and Nusbaum, Chad and Myers, Richard M and Brown, Myles and Li, Wei and others},
  journal={Genome biology},
  volume={9},
  number={9},
  pages={1--9},
  year={2008},
  publisher={BioMed Central}
}
@article{pepke2009computation,
  title={Computation for ChIP-seq and RNA-seq studies},
  author={Pepke, Shirley and Wold, Barbara and Mortazavi, Ali},
  journal={Nature methods},
  volume={6},
  number={11},
  pages={S22--S32},
  year={2009},
  publisher={Nature Publishing Group}
}
@article{worsley2014non,
  title={Non-targeted transcription factors motifs are a systemic component of ChIP-seq datasets},
  author={Worsley Hunt, Rebecca and Wasserman, Wyeth W},
  journal={Genome biology},
  volume={15},
  number={7},
  pages={1--16},
  year={2014},
  publisher={Springer}
}
@article{pickrell2011false,
  title={False positive peaks in ChIP-seq and other sequencing-based functional assays caused by unannotated high copy number regions},
  author={Pickrell, Joseph K and Gaffney, Daniel J and Gilad, Yoav and Pritchard, Jonathan K},
  journal={Bioinformatics},
  volume={27},
  number={15},
  pages={2144--2146},
  year={2011},
  publisher={Oxford University Press}
}
@article{rhee2011comprehensive,
  title={Comprehensive genome-wide protein-DNA interactions detected at single-nucleotide resolution},
  author={Rhee, Ho Sung and Pugh, B Franklin},
  journal={Cell},
  volume={147},
  number={6},
  pages={1408--1419},
  year={2011},
  publisher={Elsevier}
}
@article{tognon2022survey,
  title={A survey on algorithms to discover transcription factor binding site motifs in genomic regulatory sequences},
  author={Tognon, Manuel and Giugno, Rosalba and Pinello, Luca},
  year={2022},
  notes={manuscript in preparation}
}
@article{day1992critical,
  title={Critical comparison of consensus methods for molecular sequences},
  author={Day, William HE and McMorris, FR},
  journal={Nucleic acids research},
  volume={20},
  number={5},
  pages={1093--1099},
  year={1992},
  publisher={Oxford University Press}
}
@article{stormo2013modeling,
  title={Modeling the specificity of protein-DNA interactions},
  author={Stormo, Gary D},
  journal={Quantitative biology},
  volume={1},
  number={2},
  pages={115--130},
  year={2013},
  publisher={Springer}
}
@article{korhonen2017fast,
  title={Fast motif matching revisited: high-order PWMs, SNPs and indels},
  author={Korhonen, Janne H and Palin, Kimmo and Taipale, Jussi and Ukkonen, Esko},
  journal={Bioinformatics},
  volume={33},
  number={4},
  pages={514--521},
  year={2017},
  publisher={Oxford University Press}
}
@inproceedings{li1999finding,
  title={Finding similar regions in many strings},
  author={Li, Ming and Ma, Bin and Wang, Lusheng},
  booktitle={Proceedings of the thirty-first annual ACM symposium on Theory of computing},
  pages={473--482},
  year={1999}
}
@article{califano2000splash,
  title={SPLASH: structural pattern localization analysis by sequential histograms},
  author={Califano, Andrea},
  journal={Bioinformatics},
  volume={16},
  number={4},
  pages={341--357},
  year={2000},
  publisher={Oxford University Press}
}
@inproceedings{weiner1973linear,
  title={Linear pattern matching algorithms},
  author={Weiner, Peter},
  booktitle={14th Annual Symposium on Switching and Automata Theory (swat 1973)},
  pages={1--11},
  year={1973},
  organization={IEEE}
}
@article{pavesi2001algorithm,
  title={An algorithm for finding signals of unknown length in DNA sequences},
  author={Pavesi, Giulio and Mauri, Giancarlo and Pesole, Graziano},
  journal={Bioinformatics},
  volume={17},
  number={suppl\_1},
  pages={S207--S214},
  year={2001},
  publisher={Oxford University Press}
}
@article{pavesi2004weeder,
  title={Weeder Web: discovery of transcription factor binding sites in a set of sequences from co-regulated genes},
  author={Pavesi, Giulio and Mereghetti, Paolo and Mauri, Giancarlo and Pesole, Graziano},
  journal={Nucleic acids research},
  volume={32},
  number={suppl\_2},
  pages={W199--W203},
  year={2004},
  publisher={Oxford University Press}
}
@article{marsan2000algorithms,
  title={Algorithms for extracting structured motifs using a suffix tree with an application to promoter and regulatory site consensus identification},
  author={Marsan, Laurent and Sagot, Marie-France},
  journal={Journal of computational biology},
  volume={7},
  number={3-4},
  pages={345--362},
  year={2000},
  publisher={Mary Ann Liebert, Inc.}
}
@article{liu2018algorithmic,
  title={An algorithmic perspective of de novo cis-regulatory motif finding based on ChIP-seq data},
  author={Liu, Bingqiang and Yang, Jinyu and Li, Yang and McDermaid, Adam and Ma, Qin},
  journal={Briefings in bioinformatics},
  volume={19},
  number={5},
  pages={1069--1081},
  year={2018},
  publisher={Oxford University Press}
}
@article{liu2002algorithm,
  title={An algorithm for finding protein--DNA binding sites with applications to chromatin-immunoprecipitation microarray experiments},
  author={Liu, X Shirley and Brutlag, Douglas L and Liu, Jun S},
  journal={Nature biotechnology},
  volume={20},
  number={8},
  pages={835--839},
  year={2002},
  publisher={Nature Publishing Group}
}
@article{linhart2008transcription,
  title={Transcription factor and microRNA motif discovery: the Amadeus platform and a compendium of metazoan target sets},
  author={Linhart, Chaim and Halperin, Yonit and Shamir, Ron},
  journal={Genome research},
  volume={18},
  number={7},
  pages={1180--1189},
  year={2008},
  publisher={Cold Spring Harbor Lab}
}
@article{bailey2011dreme,
  title={DREME: motif discovery in transcription factor ChIP-seq data},
  author={Bailey, Timothy L},
  journal={Bioinformatics},
  volume={27},
  number={12},
  pages={1653--1659},
  year={2011},
  publisher={Oxford University Press}
}
@article{ettwiller2007trawler,
  title={Trawler: de novo regulatory motif discovery pipeline for chromatin immunoprecipitation},
  author={Ettwiller, Laurence and Paten, Benedict and Ramialison, Mirana and Birney, Ewan and Wittbrodt, Joachim},
  journal={Nature methods},
  volume={4},
  number={7},
  pages={563--565},
  year={2007},
  publisher={Nature Publishing Group}
}
@article{heinz2010simple,
  title={Simple combinations of lineage-determining transcription factors prime cis-regulatory elements required for macrophage and B cell identities},
  author={Heinz, Sven and Benner, Christopher and Spann, Nathanael and Bertolino, Eric and Lin, Yin C and Laslo, Peter and Cheng, Jason X and Murre, Cornelis and Singh, Harinder and Glass, Christopher K},
  journal={Molecular cell},
  volume={38},
  number={4},
  pages={576--589},
  year={2010},
  publisher={Elsevier}
}
@article{bailey2021streme,
  title={STREME: accurate and versatile sequence motif discovery},
  author={Bailey, Timothy L},
  journal={Bioinformatics},
  volume={37},
  number={18},
  pages={2834--2840},
  year={2021},
  publisher={Oxford Academic}
}
@article{hertz1999identifying,
  title={Identifying DNA and protein patterns with statistically significant alignments of multiple sequences.},
  author={Hertz, Gerald Z and Stormo, Gary D.},
  journal={Bioinformatics (Oxford, England)},
  volume={15},
  number={7},
  pages={563--577},
  year={1999}
}
@article{bailey1994fitting,
  title={Fitting a mixture model by expectation maximization to discover motifs in bipolymers},
  author={Bailey, Timothy L and Elkan, Charles and others},
  year={1994},
  publisher={Department of Computer Science and Engineering, University of California~…}
}
@article{lawrence1993detecting,
  title={Detecting subtle sequence signals: a Gibbs sampling strategy for multiple alignment},
  author={Lawrence, Charles E and Altschul, Stephen F and Boguski, Mark S and Liu, Jun S and Neuwald, Andrew F and Wootton, John C},
  journal={science},
  volume={262},
  number={5131},
  pages={208--214},
  year={1993},
  publisher={American Association for the Advancement of Science}
}
@article{lee2018comprehensive,
  title={A comprehensive survey on genetic algorithms for DNA motif prediction},
  author={Lee, Nung Kion and Li, Xi and Wang, Dianhui},
  journal={Information Sciences},
  volume={466},
  pages={25--43},
  year={2018},
  publisher={Elsevier}
}
@inproceedings{bailey1995value,
  title={The value of prior knowledge in discovering motifs with MEME.},
  author={Bailey, Timothy L and Elkan, Charles},
  booktitle={Ismb},
  volume={3},
  pages={21--29},
  year={1995}
}
@article{bailey2006meme,
  title={MEME: discovering and analyzing DNA and protein sequence motifs},
  author={Bailey, Timothy L and Williams, Nadya and Misleh, Chris and Li, Wilfred W},
  journal={Nucleic acids research},
  volume={34},
  number={suppl\_2},
  pages={W369--W373},
  year={2006},
  publisher={Oxford University Press}
}
@article{lawrence1990expectation,
  title={An expectation maximization (EM) algorithm for the identification and characterization of common sites in unaligned biopolymer sequences},
  author={Lawrence, Charles E and Reilly, Andrew A},
  journal={Proteins: Structure, Function, and Bioinformatics},
  volume={7},
  number={1},
  pages={41--51},
  year={1990},
  publisher={Wiley Online Library}
}
@article{neuwald1995gibbs,
  title={Gibbs motif sampling: detection of bacterial outer membrane protein repeats},
  author={Neuwald, Andrew F and Liu, Jun S and Lawrence, Charles E},
  journal={Protein science},
  volume={4},
  number={8},
  pages={1618--1632},
  year={1995},
  publisher={Wiley Online Library}
}
@article{hughes2000computational,
  title={Computational identification of cis-regulatory elements associated with groups of functionally related genes in Saccharomyces cerevisiae},
  author={Hughes, Jason D and Estep, Preston W and Tavazoie, Saeed and Church, George M},
  journal={Journal of molecular biology},
  volume={296},
  number={5},
  pages={1205--1214},
  year={2000},
  publisher={Elsevier}
}
@incollection{workman1999ann,
  title={ANN-Spec: a method for discovering transcription factor binding sites with improved specificity},
  author={Workman, Christopher T and Stormo, Gary D},
  booktitle={Biocomputing 2000},
  pages={467--478},
  year={1999},
  publisher={World Scientific}
}
@incollection{liu2000bioprospector,
  title={BioProspector: discovering conserved DNA motifs in upstream regulatory regions of co-expressed genes},
  author={Liu, Xiaole and Brutlag, Douglas L and Liu, Jun S},
  booktitle={Biocomputing 2001},
  pages={127--138},
  year={2000},
  publisher={World Scientific}
}
@article{thijs2001higher,
  title={A higher-order background model improves the detection of promoter regulatory elements by Gibbs sampling},
  author={Thijs, Gert and Lescot, Magali and Marchal, Kathleen and Rombauts, Stephane and De Moor, Bart and Rouze, Pierre and Moreau, Yves},
  journal={Bioinformatics},
  volume={17},
  number={12},
  pages={1113--1122},
  year={2001},
  publisher={Oxford University Press}
}
@article{frith2004finding,
  title={Finding functional sequence elements by multiple local alignment},
  author={Frith, Martin C and Hansen, Ulla and Spouge, John L and Weng, Zhiping},
  journal={Nucleic acids research},
  volume={32},
  number={1},
  pages={189--200},
  year={2004},
  publisher={Oxford University Press}
}
@article{frith2008discovering,
  title={Discovering sequence motifs with arbitrary insertions and deletions},
  author={Frith, Martin C and Saunders, Neil FW and Kobe, Bostjan and Bailey, Timothy L},
  journal={PLoS computational biology},
  volume={4},
  number={5},
  pages={e1000071},
  year={2008},
  publisher={Public Library of Science San Francisco, USA}
}
@article{li2009gadem,
  title={GADEM: a genetic algorithm guided formation of spaced dyads coupled with an EM algorithm for motif discovery},
  author={Li, Leping},
  journal={Journal of Computational Biology},
  volume={16},
  number={2},
  pages={317--329},
  year={2009},
  publisher={Mary Ann Liebert, Inc. 2 Madison Avenue Larchmont, NY 10538 USA}
}
@article{machanick2011meme,
  title={MEME-ChIP: motif analysis of large DNA datasets},
  author={Machanick, Philip and Bailey, Timothy L},
  journal={Bioinformatics},
  volume={27},
  number={12},
  pages={1696--1697},
  year={2011},
  publisher={Oxford University Press}
}
@article{reid2011steme,
  title={STEME: efficient EM to find motifs in large data sets},
  author={Reid, John E and Wernisch, Lorenz},
  journal={Nucleic acids research},
  volume={39},
  number={18},
  pages={e126--e126},
  year={2011},
  publisher={Oxford University Press}
}
@article{kulakovskiy2010deep,
  title={Deep and wide digging for binding motifs in ChIP-Seq data},
  author={Kulakovskiy, Ivan V and Boeva, VA and Favorov, Alexander V and Makeev, Vsevolod J},
  journal={Bioinformatics},
  volume={26},
  number={20},
  pages={2622--2623},
  year={2010},
  publisher={Oxford University Press}
}
@article{kulakovskiy2009discovery,
  title={Discovery of DNA motifs recognized by transcription factors through integration of different experimental sources},
  author={Kulakovskiy, IV and Makeev, VJ},
  journal={Biophysics},
  volume={54},
  number={6},
  pages={667--674},
  year={2009},
  publisher={Springer}
}
@article{hartmann2013p,
  title={P-value-based regulatory motif discovery using positional weight matrices},
  author={Hartmann, Holger and Guth{\"o}hrlein, Eckhart W and Siebert, Matthias and Luehr, Sebastian and S{\"o}ding, Johannes},
  journal={Genome research},
  volume={23},
  number={1},
  pages={181--194},
  year={2013},
  publisher={Cold Spring Harbor Lab}
}
@article{li2019prosampler,
  title={ProSampler: an ultrafast and accurate motif finder in large ChIP-seq datasets for combinatory motif discovery},
  author={Li, Yang and Ni, Pengyu and Zhang, Shaoqiang and Li, Guojun and Su, Zhengchang},
  journal={Bioinformatics},
  volume={35},
  number={22},
  pages={4632--4639},
  year={2019},
  publisher={Oxford University Press}
}